1639 3100
367 173 484 208 220
557 149 627 210 C.
674 149 1118 210 CORNELII
1164 150 1475 212 TAcmr

366 248 523 311 tarda
549 273 679 310 cum
705 249 1031 321 securitate,
1055 271 1381 332 praematura
1401 252 1490 314 vel
1506 273 1632 322 cun?

148 330 198 374 A·
218 334 268 373 U·
290 334 342 374 C.
368 334 537 396 exitio
573 354 888 417 properant.

188 412 302 458 775·
449 420 692 479 LXVII.
727 418 981 475 AUXERE
1017 438 1319 477 numerum
1358 419 1631 486 accusato-

183 482 306 604 Ῑέἓ
365 525 493 561 mm
531 500 748 560 Gellius
786 497 1072 582 Poplicola
1106 509 1164 560 &
1199 502 1289 560 M.
1327 505 1596 570 Paconius
1628 548 1629 556 1

362 585 459 645 ille
491 586 718 666 quaestor
743 582 951 655 Silani,
992 583 1082 641 hic
1109 583 1339 667 legatus.
1383 587 1503 646 Nec
1528 588 1621 650 du*-

360 669 524 729 bium
573 667 925 739 habebatur,
978 635 1201 726 saevitiae
1239 682 1610 754 captarumqu

357 753 724 836 pecuniarum
761 752 940 811 teneri
975 773 1175 810 reum:
1213 749 1308 810 sed
1336 753 1515 816 multa
1536 754 1607 830 ad¹

357 837 694 919 gerebantur
735 836 907 894 etiam
942 833 1254 894 insontibus
1283 837 1610 924 periculosa‘

357 943 489 978 cum
514 918 725 1001 ,super
767 940 852 977 tot
890 918 1167 979 senatores
1211 919 1506 993 adversm,
1549 911 1611 988 fal

356 967 698 1062 cundiffimis
729 1003 898 1063 totius
925 1001 1104 1074 Afiae,
1141 1026 1320 1083 eoque
1363 1004 1434 1063 ad
1474 1020 1611 1069 accu‘a

354 1086 595 1146 fandum
633 1085 906 1159 delestis,
945 1085 1305 1180 responderet
1343 1085 1532 1162 solus,
1573 1090 1608 1153 ἃ

356 1171 559 1230 orandi
604 1168 866 1243 nescius,
914 1192 1139 1252 proprio
1179 1193 1237 1228 in
1285 1192 1443 1231 metu
1470 1219 1487 1244 ,
1538 1186 1610 1255 (111

355 1256 660 1316 exercitam
683 1277 908 1336 quoque
934 1252 1320 1335 eloquentiam
1340 1254 1607 1317 debilitat

353 1363 471 1398 non
498 1360 848 1420 temperante
872 1338 1109 1396 Tiberio
1135 1339 1325 1418 ,quin
1349 1361 1607 1420 premeret

352 1446 534 1495 voce,
578 1421 776 1494 vultu,
825 1445 891 1480 eo
939 1421 1094 1501 quod
1130 1385 1243 1503 ipse
1294 1421 1625 1482 creberrima

350 1506 765 1588 interrogabat:
794 1528 978 1585 neque
1005 1503 1291 1575 refellere,
1320 1526 1412 1565 aut
1441 1506 1605 1568 elude

350 1612 411 1649 re
430 1637 446 1662 ,
485 1589 751 1664 dabatur,
791 1613 851 1646 ac
876 1588 1012 1670 saepe
1043 1589 1215 1647 etiam
1239 1589 1604 1658 confitendum

351 1693 471 1734 erat
491 1722 507 1746 ,
533 1696 604 1733 ne
619 1671 811 1731 frustra
830 1671 1170 1765 quaefiviffet.
1188 1674 1381 1731 Servos
1405 1697 1594 1756 quoqu

350 1756 526 1817 Silani
562 1805 578 1830 ,
638 1778 700 1816 ut
757 1757 1052 1815 tormentis
1109 1777 1585 1839 interrogarentur
1610 1767 1621 1827 J

352 1845 505 1900 atstor
533 1840 785 1923 publicus
811 1840 1093 1941 mancipio
1123 1863 1446 1922 acceperat.
1478 1850 1535 1902 &
1556 1865 1600 1900 11.

353 1924 477 2004 quis
500 1922 965 1983 necessariorum
949 1947 1062 2001 juv
1048 1944 1163 1981 aret
1184 1923 1608 2005 periclitantem
1618 1948 1620 1984 ι

351 2008 647 2088 majestatis
674 2008 910 2066 crimina
933 2004 1350 2078 subdebantur,
1377 2008 1619 2082 vinclum}

350 2099 411 2152 δε
439 2091 719 2151 necessitas
749 2089 962 2150 silendi.
1010 2090 1186 2172 Igitur
1218 2091 1396 2172 petito
1422 2115 1619 2173 paucos

349 2197 478 2234 rum
510 2175 732 2235 dierum
758 2142 1093 2254 interjectuo,
1133 2173 1520 2234 defensionem
1545 2174 1617 2269 su

350 2257 630 2331 deseruit,
678 2258 812 2318 ausis
862 2257 933 2315 ad
985 2221 1262 2316 Cael'arem
1312 2258 1617 2319 codicillis

351 2342 552 2424 quibus
586 2343 861 2401 invidiam
899 2350 956 2400 &
991 2363 1179 2422 preces
1217 2341 1527 2402 miscuerat.
1575 2355 1579 2360 ”
1612 2313 1617 2422 l

434 2427 706 2486 LXVIII.
744 2429 1077 2496 T1BER1US‚
1122 2447 1240 2505 quae
1276 2425 1335 2482 in
1372 2425 1615 2535 Silanutri

350 2508 626 2603 parabat,
686 2534 798 2590 quo
852 2506 1151 2568 excusatius
1208 2507 1305 2567 sub
1364 2506 1613 2591 exempl

351 2594 730 2678 acciperentur
766 2642 782 2668 ,
838 2591 1057 2654 libellos
1105 2590 1220 2653 divi
1269 2591 1500 2676 Augusti
1544 2589 1624 2656 de·
