1655 3088
443 152 900 196 'ANNALHJM
949 129 1217 196 NOT'AE.
1339 143 1466 213 ‘373⁴

191 230 389 303 sumque
404 235 770 285 vicissitudinibus
792 233 1003 282 eumdem
1018 237 1067 281 in
1086 235 1234 284 Gallis
1255 237 1462 284 animum

192 300 592 367 recognoscamus.
617 301 729 348 Inde
751 301 993 366 irrequieta
1014 300 1093 346 illa
1113 301 1272 349 Caroli
1294 302 1462 369 Magni

190 368 332 414 'virtus
359 405 372 426 ,
407 384 507 434 quae
540 382 606 415 tot
631 367 758 414 bellis
791 363 1093 432 periculisque
1120 383 1244 414 tanta
1274 384 1461 434 tamque

195 431 423 491 disjuncta
456 449 674 481 terrarum
703 431 846 498 spatia
880 432 1149 479 nobilitavit.
1193 431 1305 479 Inde
1330 434 1464 481 tantis

196 496 444 545 Gallorum
476 502 638 547 animis
675 499 909 565 quaefitum
939 515 992 546 ac
1026 496 1267 546 fundatum
1302 515 1328 545 a
1357 497 1464 546 Go-

198 562 375 611 defrido
409 564 462 612 de
488 566 704 614 Bouillon
721 604 734 625 ,
771 564 985 612 Heroum
1012 566 1214 611 maximo
1236 603 1249 624 ,
1283 563 1467 611 Hiero-

195 625 520 695 solymitanum
542 649 750 697 regnum.
771 631 883 678 Inde
902 632 1032 677 toties
1053 648 1079 677 a
1101 631 1261 678 nostris
1285 629 1466 695 regibus

195 696 526 763 nobilitateque
541 696 722 745 Gallica
737 713 904 744 tentata
917 694 1147 761 AEgyptus
1163 734 1176 756 ,
1190 711 1466 759 occupatum

195 759 767 826 Constantinopolitanum
804 763 1049 825 imperium
1075 799 1087 819 ,
1127 761 1235 809 Afia
1273 760 1467 814 Gallicis

196 825 582 875 dominationibus
604 825 814 892 respersa.
834 825 945 874 Inde
967 842 1032 874 tot
1052 826 1169 874 bella
1187 845 1269 892 per
1286 827 1465 875 Italiam

190 892 335 957 gesta.
374 893 487 941 Inde
512 891 616 941 curn
637 895 863 941 acerrimis
881 891 1159 941 Ferdinandi
1177 900 1221 940 &
1241 893 1402 941 Caroli
1417 893 1466 944 V

194 956 370 1018 judiciis
404 957 575 1007 adserta
605 960 666 1006 est
688 959 872 1023 publica
904 959 1200 1025 tranquillitas
1220 997 1233 1019 ‚
1265 965 1311 1006 ὃ(
1333 960 1464 1023 poli-⁶

195 1023 293 1070 ticis
331 1025 609 1088 ponderibus
646 1025 807 1072 librata
838 1023 1052 1090 Europa,
1086 1043 1171 1073 nec
1214 1027 1307 1085 jam
1345 1025 1463 1072 ullus

192 1086 412 1152 superfuit
442 1091 613 1139 bellicis
642 1090 969 1138 incursionibus
999 1092 1126 1139 locus
1147 1129 1158 1151 ‚
1189 1089 1318 1139 Galli
1345 1092 1462 1139 irre-

195 1155 350 1221 quieta
375 1154 450 1205 sua
477 1157 729 1205 mobilitate
762 1173 958 1224 aguntur
987 1155 1163 1221 semper
1189 1163 1234 1204 &
1264 1159 1462 1205 circum-

194 1236 429 1287 aguntur-3
466 1239 602 1289 atque
628 1261 640 1283 ,
679 1222 786 1271 licet
821 1224 1017 1287 patriam
1055 1221 1180 1270 suam
1212 1221 1464 1287 plurimum

192 1284 366 1335 faciant
384 1326 397 1349 ‚
427 1305 660 1336 externam
679 1305 910 1355 quamque
932 1290 1204 1356 plerumque
1223 1287 1465 1354 spernant,

195 1352 355 1400 militia
388 1369 564 1414 tamen,
597 1356 761 1402 artibus
781 1393 794 1414 ,
831 1357 996 1415 literis,
1029 1357 1315 1404 commerciis
1335 1394 1347 1415 ‚
1375 1358 1466 1403 mi·-

192 1418 382 1466 nisteriis
414 1419 612 1487 denique
647 1421 859 1468 omnibus
888 1435 1072 1468 utuntur
1104 1426 1149 1468 &
1183 1421 1468 1488 quandoque

190 1482 437 1533 abutuntur
456 1524 469 1546 ‚
503 1502 552 1534 ut
576 1502 720 1535 totum
748 1502 1056 1553 pervagentur
1081 1486 1241 1535 orbem
1261 1525 1273 1547 ,
1307 1489 1369 1535 ita
1386 1504 1464 1548 ut,

193 1552 392 1598 maxime
418 1553 467 1599 in
495 1550 683 1616 Europa
699 1590 713 1612 ,
750 1569 846 1599 non
884 1552 987 1600 urbs
1013 1591 1027 1614 ,
1058 1571 1155 1600 non
1197 1553 1424 1619 oppidum
1447 1591 1462 1613 ,

194 1612 310 1680 saepe
342 1633 401 1663 ne
430 1635 546 1666 unus
578 1618 763 1684 quidem
800 1617 850 1665 fit
883 1620 1004 1667 vicus
1028 1655 1041 1677 ,
1083 1621 1132 1666 in
1171 1637 1264 1685 quo
1299 1618 1464 1668 Gallus

194 1682 359 1747 aliquis
395 1701 493 1730 non
530 1699 750 1731 occurrat.
790 1683 904 1732 Inde
927 1723 940 1744 ,
973 1684 1003 1731 fi
1036 1685 1185 1732 bellici
1215 1684 1462 1746 facinoris,

191 1745 365 1796 bellicae
384 1750 543 1815 gloriae
572 1748 669 1815 spes
691 1747 865 1815 uspiam
887 1749 1119 1818 adfulgeat
1140 1789 1153 1811 ,
1178 1752 1325 1798 statim
1346 1770 1466 1817 prae-

192 1815 385 1862 tervolat
432 1814 594 1863 Gallus
617 1855 630 1875 ‚
674 1833 759 1863 nec
805 1816 1017 1865 locorum
1060 1818 1307 1868 intervallis
1327 1857 1339 1879 ‚
1377 1834 1468 1865 nec

191 1881 504 1944 periculorum
541 1880 875 1929 difficultatibus
917 1882 1147 1931 deterritus
1172 1921 1185 1943 ‚
1224 1899 1272 1932 ut
1305 1882 1466 1932 recens

190 1945 388 1992 vidimus
408 1984 420 2006 ‚
444 1946 548 1994 cum
569 1948 848 2013 exiguisfima
867 1946 1113 1996 Gallorum
1133 1966 1294 1997 manus
1313 1988 1325 2009 ‚
1351 1949 1466 1999 duce

192 2012 293 2059 viro
310 2014 437 2059 avitis
453 2014 575 2060 Boiis
595 2052 607 2073 ‚
641 2030 754 2061 ceux
777 2013 835 2061 du
862 2012 1144 2063 Bourllonois
1164 2054 1178 2076 ‚
1209 2017 1288 2082 qui
1318 2030 1465 2065 totum

192 2075 337 2124 ferme
373 2078 530 2126 orbem
552 2079 817 2126 militaribus
849 2077 933 2126 suis
963 2080 1326 2144 exp-editionibus
1353 2100 1466 2147 per<-

191 2143 460 2204 lustrarunt,
479 2146 635 2193 animo
659 2151 701 2191 ὃς
724 2147 882 2192 virtute
905 2144 1133 2193 simillimo
1153 2185 1164 2206 ,
1186 2147 1462 2197 Cracoviam

193 2211 504 2275 expugnavit,
536 2217 578 2257 ὃς
602 2248 614 2269 ,
679 2211 771 2257 uod
797 2210 938 2257 ferme
968 2212 1232 2261 incredibile
1251 2252 1264 2274 ,
1291 2214 1466 2263 tamdiu

192 2273 396 2322 servavit.
416 2274 551 2323 Adeo
572 2279 622 2324 in
643 2228 828 2326 gallico
854 2275 1073 2343 sanguine
1098 2280 1307 2328 constans
1329 2285 1373 2327 δι
1394 2278 1463 2330 sui

194 2339 348 2389 similis
375 2357 535 2390 natura
556 2351 567 2389 ¹.

217 2527 221 2531 .
263 2469 386 2518 CAP.
418 2469 604 2519 XLVI.
639 2469 904 2525 Turonium.
942 2473 1096 2525 Potius
1118 2477 1426 2543 Andegavum
1445 2491 1462 2538 3

197 2551 242 2587 ut
262 2552 386 2599 patet
407 2554 460 2583 ex
491 2535 605 2597 Cap.
627 2556 708 2600 41.

260 2600 319 2658 ln
347 2600 503 2656 villam
527 2604 859 2673 propinquam.
877 2605 997 2661 Haec
1020 2607 1126 2660 villa
1149 2625 1274 2660 nunc
1298 2609 1462 2673 dicitur,
