1655 3088
226 114 695 204 ANuALIUM
739 140 910 198 L113.
954 139 1058 199 ΙΙΙ.
1177 155 1280 219 173

0 238 466 306 infendereturao.
512 240 670 296 Tum
696 234 972 296 Fulcinius
1009 260 1196 299 vetera
1236 249 1505 302 δίε-ἓξ

0 318 210 404 ¹g'nania
269 316 484 381 orditur
520 369 538 394 ,
601 319 896 379 ambitiose
936 368 953 392 ,
1017 321 1289 402 avareque
1314 323 1510 363 A.U.C-.

66 407 272 466 abitam
310 404 653 487 Hispaniam.
716 402 888 477 Quod
927 426 1110 484 neque
1154 428 1290 463 con-

0 500 17 550 tf
59 492 231 560 ictum
271 512 424 546 noxae
469 511 565 547 reo
591 535 606 559 ‚
649 485 686 543 fi
720 487 964 545 recentia
988 509 1288 571 purgaret3

29 596 204 654 neque
243 570 538 631 defensum
573 568 907 628 absolutioni
944 592 1059 630 erat
1083 618 1099 643 ‚
1143 569 1182 628 fi
1208 592 1294 630 te·-

28 676 242 717 neretur
291 655 593 737 majoribus
639 654 877 735 flagitiis,
949 656 1071 711 Post
1118 677 1292 734 quem

0 731 2 741 ’
27 743 257 799 Servaeus
279 787 294 810 ‚
321 747 378 798 &
401 738 675 798 Veranius
694 784 709 807 ‚
752 745 808 795 &
828 735 1092 795 Vitellius
1114 778 1130 808 ‚-
1167 761 1293 796 con-

27 821 186 880 simili
217 821 395 879 studio
418 869 434 892 ‚
479 819 575 878 sed
613 818 791 876 multa
830 819 1151 900 eloquentia
1182 823 1292 882 Vi-

27 905 201 966 tellius
223 952 240 977 ‚
270 904 525 985 objecere
549 952 564 976 ‚
599 931 631 954 cc
655 902 789 960 odio
817 904 1145 962 Germanici
1171 951 1188 976 ,
1231 914 1291 964 δε

27 1011 247 1048 „rerum
272 1010 545 1046 novarum
570 986 747 1044 studio
769 1034 786 1058 ,
810 985 1070 1046 Pisonem
1093 987 1292 1070 vulgus

26 1071 312 1131 »militum
345 1120 361 1144 ,
419 1093 515 1153 per
563 1069 851 1129 licentiam
908 1079 965 1130 ὃς
1009 1069 1289 1130 sociorum

26 1156 283 1237 „injurias
306 1203 321 1227 ,
361 1157 428 1213 eo
450 1151 619 1234 usque
646 1151 940 1235 corrupisse
964 1202 979 1226 ‚
1019 1176 1079 1213 ut
1086 1179 1290 1233 parens

26 1244 325 1320 nlegz'wzum
353 1262 383 1296 a
406 1237 720 1296 deterrimis
738 1236 1106 1320 appellaretur
1127 1264 1139 1296 z
1164 1263 1289 1297 con-

23 1323 141 1382 ntra
162 1370 178 1394 ‚
210 1323 269 1379 in
292 1322 578 1403 optimum
604 1344 889 1401 quemque
911 1368 927 1392 ,
960 1322 1203 1380 maxime
1227 1324 1288 1381 in

22 1405 292 1465 „comites
318 1414 374 1464 δε
399 1404 607 1462 amicos
644 1404 1012 1476 Germanici,
1050 1402 1248 1464 saeviffe
1273 1430 1287 1463 ε

21 1490 334 1572 „postremo
357 1486 538 1571 ipsum
568 1487 962 1547 devotionibus
986 1495 1043 1546 δε
1065 1511 1290 1548 veneno

57 1569 348 1656 peremisse
376 1597 387 1629 :
421 1570 567 1630 sacra
602 1572 732 1630 hinc
773 1581 830 1631 &
862 1570 1288 1632 immolationes

20 1655 324 1716 »nefandas
342 1654 502 1737 ipfius
525 1676 691 1735 atque
716 1654 990 1713 Plancinae
1014 1680 1026 1712 ι
1050 1656 1288 1737 petitam

19 1741 223 1800 »armis
279 1738 686 1821 rempublicam
726 1762 742 1815 3
802 1759 975 1818 utque
1030 1760 1153 1798 reus
1196 1741 1289 1822 agi

31 1852 47 1875 υ
57 1821 234 1907 posset
256 1869 273 1894 ,
320 1823 434 1880 acie
465 1823 677 1880 victum
700 1851 760 1879 ω.

29 1968 35 1972 ,
100 1906 264 1967 XIV.
302 1906 605 1964 DEFENSIO
633 1905 693 1962 in
723 1904 918 1963 ceteris
949 1904 1283 1987 trepidavit:

53 2013 144 2050 am
160 2011 343 2070 neque
362 1988 738 2048 ambitionem
755 1987 1083 2061 militarem,
1098 2012 1287 2070 neque

53 2074 360 2132 rovinciam
413 2071 642 2153 peffimo
692 2072 893 2153 cuique
942 2072 1244 2131 obnoxiam
1265 2121 1286 2146 ,

54 2180 83 2217 e
112 2154 478 2215 contumelias
510 2154 746 2236 quidem
774 2154 1070 2215 adversum
1109 2153 1294 2239 impess

41 2262 255 2300 atorem
296 2239 531 2297 inficiari
567 2260 821 2322 poterat:
858 2237 1039 2297 solum
1083 2241 1288 2299 veneni

17 2384 22 2387 ,
45 2325 226 2384 rimen
251 2321 392 2382 visus
417 2324 491 2382 est
513 2322 765 2401 diluiffe3
797 2323 952 2404 quod
973 2345 1046 2382 ne
1071 2322 1286 2382 accusa-

31 2431 158 2476 vores
194 2406 429 2488 quidem
466 2405 590 2466 satis
626 2406 962 2478 firmabant,
1000 2406 1111 2464 <cin
1146 2431 1285 2465 con-

54 2493 203 2551 vivio
234 2491 559 2549 Germanici
586 2538 602 2563 ,
641 2490 772 2549 cum
802 2488 961 2573 super
997 2513 1128 2549 eum
1158 2489 1284 2549 Piso

0 2573 429 2636 ‘'discumberet
449 2621 468 2649 ,
505 2573 743 2637 infestos
770 2573 1029 2635 manibus
1061 2582 1175 2651 ejus
1210 2574 1283 2631 ci-

957 2661 1012 2717 H
1055 2658 1114 2737 iij

1352 404 1464 450 773·

1352 475 1388 513 J.
1428 473 1477 513 C.

1380 559 1458 590 20.
