1655 3088
442 154 862 198 ANNALmM
909 136 1161 195 Nom.
1326 160 1442 218 351¹

163 244 281 304 frag.
305 239 399 286 8'16
419 275 431 297 ,
461 234 614 301 potius
640 233 908 282 crediderim
927 232 1003 281 hic
1026 237 1102 301 agi
1130 235 1185 282 de
1210 240 1408 287 exercitu
1424 277 1452 301 ‚⁴

168 322 267 371 quo
291 303 508 351 Rhamses
542 318 607 349 tot
634 301 836 366 populos
859 301 1057 365 imperio
1087 303 1242 349 tenuit.

236 368 476 433 Rhamsen.
514 365 732 415 Rhamses
763 366 887 414 idem
914 364 1001 414 effe
1030 366 1205 414 videtur
1223 385 1277 414 ac
1295 369 1443 418 Rem-

167 433 272 501 phis
293 473 306 494 ,
360 452 464 482 uem
487 434 725 482 Diodorus
746 433 922 481 Siculus
946 433 994 493 Ι,
1011 440 1067 480 62
1092 471 1103 492 ‚
1124 449 1234 498 pag.
1258 442 1316 492 56
1338 473 1350 494 ,
1379 438 1442 485 ait

166 499 294 549 fuisse
325 451 612 565 c(luperiorum
641 502 852 549 omnium
875 517 1038 566 regum
1068 498 1326 547 ditiffimum
1347 539 1360 560 ‚
1396 508 1441 549 ὃς

167 568 350 633 argenti
392 583 434 614 at
472 585 526 614 ue
564 570 661 616 auri
702 567 871 614 talenta
945 565 1282 633 uadringenties
1313 567 1443 616 mille

153 632 398 699 coegisse,
434 584 625 681 &allicere
663 650 859 681 monetae
893 584 1027 680 libras
1055 640 1445 694 2‚o91,6oo,0000

169 698 537 763 Rhampfinitum
570 717 676 747 eum
705 699 906 764 appellat
925 698 1192 745 Herodotus
1210 699 1255 745 II
1272 738 1284 759 ,
1317 717 1367 747 12
1384 717 1402 747 Ι
1427 739 1454 760 ,,

169 766 219 813 in
234 763 421 830 Euterp.
437 772 481 812 &
501 766 678 813 testatur
695 766 928 811 neminem
948 762 1243 811 successorum
1264 765 1442 814 divitias

169 832 266 893 ejus
302 849 336 878 ae
375 830 570 890 uaviffe,
618 848 672 878 ac
709 848 768 878 ne
801 831 1013 895 proxime
1051 830 1238 897 quidem
1274 831 1332 878 ad
1367 849 1444 880 eas
1516 874 1521 880 ,

167 895 325 945 acceffi
365 914 402 943 e.
427 895 672 945 Rhamisen
692 934 704 957 ,
733 894 808 944 seu
830 894 1057 945 Rhamsen
1075 935 1088 956 ‚
1116 914 1197 953 quo
1217 912 1445 961 regnante

169 961 309 1011 Ilium
339 977 518 1023 captum
547 963 604 1029 est
626 1003 639 1022 ‚
677 979 903 1011 memorat
923 962 1097 1010 Plinius
1118 962 1375 1023 XXXVI,
1399 968 1443 1012 8„

234 1027 484 1077 Bat‘lriano
517 1045 572 1076 ac
603 1028 810 1094 Scythici.
833 1029 996 1077 Strabo
1017 1067 1030 1089 ‚
1064 1030 1141 1095 qui
1164 1035 1208 1076 &
1231 1027 1325 1094 ipse
1348 1029 1447 1079 haec

166 1110 472 1143 monumenta
517 1095 661 1154 vidit,
696 1094 835 1142 Indos
872 1095 1027 1154 addit,
1059 1097 1188 1160 μέχρι
1229 1101 1445 1158 Σκυθῶν,

165 1161 240 1223 2494*
262 1161 472 1226 Βακτρίων
492 1198 511 1222 ,
536 1187 607 1223 W
640 1160 791 1210 'Ivdffiv-
825 1161 988 1209 Strabo
1007 1160 1182 1221 XVII,
1198 1177 1308 1227 pag.
1337 1166 1448 1211 816.

231 1225 372 1274 Haud
401 1227 552 1276 minus
586 1226 854 1292 magnifica.
891 1227 1090 1275 Utinam
1123 1226 1311 1276 Tacitus
1346 1228 1446 1277 haec

169 1295 427 1358 generatim
460 1312 556 1341 non
594 1292 899 1358 expreffiffet!
945 1293 1057 1341 Hoc
1091 1295 1163 1341 vel
1202 1311 1296 1341 uno
1335 1296 1444 1343 Ioco

165 1360 282 1406 vires
315 1359 517 1424 opesque
549 1376 751 1407 veterum
771 1361 1073 1424 imperiorum
1095 1356 1218 1407 certo
1244 1359 1450 1427 cognoss-

166 1440 387 1473 ceremus.
425 1426 502 1473 De
526 1425 596 1473 his
629 1425 802 1488 juvabit
825 1424 1040 1475 curiosius
1069 1427 1303 1493 inquirere
1327 1425 1447 1477 infra

163 1489 342 1539 Annal.
362 1490 482 1540 XIII
504 1531 518 1554 ‚
553 1510 611 1550 29
636 1498 681 1540 ὃς
710 1507 786 1552 50.

231 1620 357 1670 CAP.
386 1621 520 1671 LXI.
569 1621 836 1671 Memnonis
857 1621 1008 1684 fizxea
1047 1619 1238 1688 effigies.
1293 1623 1453 1676 Exstat

165 1687 315 1737 adhuc
365 1690 516 1738 multis
567 1687 938 1754 inscriptionibus
982 1686 1172 1755 insignis
1199 1728 1213 1749 ,
1249 1707 1456 1756 quarum*

164 1755 318 1820 plures
337 1758 386 1803 in
407 1758 562 1821 priore
582 1755 782 1804 editione
797 1795 809 1817 ,
837 1754 980 1803 Tom.
999 1754 1020 1801 I
1033 1793 1045 1815 ‚
1065 1773 1116 1819 p.
1144 1759 1229 1820 381
1256 1762 1300 1804 &
1317 1755 1452 1827 seqq.

164 1820 387 1889 proposui
419 1829 464 1869 &
497 1822 753 1871 emendavi.

232 1887 282 1938 V
280 1887 450 1936 ocalem
465 1889 629 1952 sonum
661 1887 870 1936 reddens.
923 1886 1103 1935 Sonum
1138 1887 1326 1955 quidem
1362 1907 1447 1938 au-

163 1951 280 2002 divit
315 1954 495 2003 Strabo·
547 1955 612 2004 At
657 1953 806 2003 utrum
843 1971 869 2000 a
909 1951 998 2000 bafi
1024 1991 1038 2013 ‚
1083 1970 1142 2001 an
1184 1972 1211 2002 a
1248 1954 1448 2006 colofl‘e‘a

162 2019 320 2087 effigie
339 2061 350 2081 ,
381 2040 441 2069 an
469 2040 524 2069 ex
550 2021 767 2070 industria
800 2020 856 2069 ab
893 2019 1050 2087 aliquo
1081 2018 1221 2069 bafim
1251 2024 1449 2071 circum-

164 2086 387 2148 stantium*
424 2086 558 2135 sonus
600 2087 734 2136 fuerit
775 2087 917 2134 editus
943 2123 956 2144 ,
1001 2104 1100 2136 non
1141 2086 1280 2136 habet
1320 2088 1448 2155 quod

166 2152 378 2201 affirmet.
417 2153 540 2202 Ctim
556 2152 687 2202 causa
707 2153 755 2201 fit
776 2154 838 2200 ita
856 2155 1031 2200 incerta
1048 2191 1062 2213 ‚
1093 2153 1269 2219 quidvis
1289 2154 1446 2219 potitis

169 2218 448 2267 credendum
468 2222 684 2285 opinatur
699 2260 710 2279 ,
728 2218 867 2287 qudm
886 2235 939 2264 ex
954 2218 1180 2283 lapidibus
1198 2219 1257 2268 fic
1271 2221 1447 2277 struffis

165 2283 330 2333 sonum
358 2287 446 2334 edi.
480 2287 643 2335 Strabo
666 2286 814 2337 XVII
836 2326 847 2347 ,
870 2301 982 2350 pag.
1009 2289 1117 2334 816.

234 2351 569 2417 Disjeeiastyue.
609 2354 732 2401 Inter
768 2352 978 2415 disjee'tas
999 2390 1010 2412 ‚
1049 2352 1096 2400 id
1124 2354 1186 2401 est
1219 2354 1413 2403 mobiles
1433 2394 1447 2415 ‚

173 2423 218 2465 &
252 2421 326 2466 vix
357 2422 533 2484 pervias
567 2438 726 2468 arenas
755 2419 840 2466 fitae
869 2419 1131 2485 pyramides
1154 2459 1166 2479 ,
1203 2438 1303 2487 quae
1326 2421 1453 2471 hauc}

173 2485 251 2532 exi
289 2486 345 2532 ua
374 2483 439 2532 sui
468 2503 596 2551 parte
631 2485 708 2533 sub
740 2487 886 2533 arenis
919 2502 1042 2532 nunc
1074 2485 1351 2535 delitescunt.

282 2552 490 2636 acusque.¹
518 2552 699 2607 Lacum
723 2552 972 2604 Mareotim
991 2589 1006 2616 ,
1041 2550 1083 2603 le
1108 2550 1183 2604 lac
1217 2552 1409 2604 Sabaka
1426 2588 1453 2614 ,ν
