1676 3105
240 131 353 191 35⁷-
434 112 516 171 IN
562 112 882 174 LIBRUM
930 133 1343 176 SECUNDUM

236 217 281 258 &
313 210 463 262 lacum
494 212 703 260 Moeridis
721 251 733 273 ,
761 212 800 261 le
828 212 901 262 lac
922 213 1120 264 Bathen.
1174 217 1228 264 In
1253 217 1356 264 lacu
1377 214 1510 264 Moe⁴

231 277 338 325 ridis
367 279 577 327 videntur
598 279 747 327 adhuc
772 283 972 347 ingentis
992 282 1244 350 pyramidis
1276 284 1480 350 reliquiae
1495 320 1510 344 ,

233 343 399 392 effoffae
431 345 560 392 humi
591 363 929 412 argumentum.

300 409 429 459 Alibi
449 412 687 477 angustiae.
712 413 805 459 111ae
824 415 1039 479 angustiae
1060 414 1184 462 fuere
1202 414 1325 462 haud
1343 413 1510 478 procul

232 475 407 525 Thebis
439 475 797 543 Memnonisque
829 480 970 527 statua
990 517 1002 539 ‚
1035 496 1156 527 trans
1175 481 1367 527 Nilum:
1430 497 1509 526 uas

233 543 442 592 accurate
466 542 694 606 descripsit
719 542 995 592 Ammianus
1015 545 1310 593 Marcellinus
1331 544 1379 592 X
1434 545 1478 591 II
1496 583 1512 604 ,

238 623 314 669 15.
350 609 474 656 Sunt
505 608 553 657 Cr
579 608 1112 676 Syringessuhterranei
1136 610 1320 677 quidum
1346 610 1513 676 &fle-

231 690 320 723 xuo
341 693 356 724 z
381 676 573 742 seceſjus
596 708 610 730 ,
643 693 752 740 quos
780 685 795 738 3
829 692 878 725 ut
911 676 1067 738 fertur
1091 717 1106 740 ‚
1152 678 1293 740 periti
1336 677 1506 725 rituum

230 741 499 807 vetustorum
535 741 788 790 adventare
815 742 1033 792 diluvium
1055 743 1235 810 praescii
1258 784 1272 806 ‚
1299 757 1511 791 metuen-

154 855 160 861 ,
230 809 376 873 teffque
408 825 465 856 ne
499 809 864 857 caerimoniarum
903 809 1222 859 obliteraretur
1253 809 1467 859 memoria
1491 845 1509 868 ,

229 875 416 935 penitus
459 874 649 938 operosis
681 873 871 948 digestos
888 874 1068 937 fodinis
1096 894 1178 938 per
1210 875 1308 925 loca
1335 876 1511 940 diversa

215 939 523 1005 struxerunt:
567 940 616 988 ἕν
648 940 811 1006 exczfis
837 941 1093 1001 parietibus
1128 941 1510 1002 volucrumfercz-
1566 964 1570 965 ⁷

229 1023 413 1071 rumque
435 1023 612 1071 genera
633 1005 788 1060 *multa
805 1006 1095 1072 sculpserunt
1116 1047 1131 1070 ‚
1171 1007 1221 1056 ὓ)
1242 1006 1512 1056 animalium

212 1072 398 1137 ⁴species
434 1072 702 1120 innumeras
724 1111 740 1135 ‚
783 1090 897 1136 quas
937 1072 1311 1139 hierographicas
1348 1073 1512 1121 literas

230 1138 538 1200 appellarunt.
600 1140 717 1187 Sunt
765 1141 844 1206 qui
893 1139 992 1188 illas
1038 1141 1266 1207 angustias
1308 1139 1366 1187 ad
1409 1138 1513 1188 Nili

230 1207 478 1254 cataractas
515 1204 745 1266 referant3
785 1204 859 1253 sed
888 1224 987 1253 non
1025 1208 1088 1254 ita
1118 1205 1434 1271 probabiliter.

296 1271 656 1332 Elephantinen.
683 1269 834 1319 Insula
857 1271 954 1320 haec
977 1273 1118 1337 paulo
1148 1271 1278 1337 supra
1297 1273 1483 1340 Syenen
1497 1282 1515 1331 ‚'

229 1340 280 1386 in
322 1337 517 1406 AEgypti
566 1344 610 1385 ὃς
653 1336 902 1404 AEthiopiae
944 1338 1141 1399 finibus,
1180 1356 1304 1387 nunc
1349 1338 1513 1386 dicitur

230 1403 351 1471 Z'Ifle
376 1405 575 1453 Fleurie.

294 1473 491 1536 Syenen„
523 1469 650 1517 Urbs
688 1470 874 1531 Syene,
907 1489 1033 1519 nunc
1069 1469 1268 1536 Affouan
1291 1508 1305 1529 ,
1339 1468 1512 1517 Cancri

230 1534 443 1602 Tropico
481 1529 863 1600 proxima.'Inde
880 1536 1062 1602 solstitii
1098 1535 1170 1584 die
1206 1534 1349 1584 medio
1382 1533 1516 1581 nulla

231 1602 408 1652 umbra.
431 1602 550 1650 Plin.
568 1601 640 1650 VI
657 1640 668 1661 ‚
690 1621 712 1648 2
720 1620 766 1658 9.
799 1601 853 1649 Id
876 1601 993 1652 forte
1022 1602 1331 1652 observaturus
1354 1599 1515 1649 urbem

229 1668 352 1717 hanc
376 1670 508 1734 petiit
534 1666 859 1716 Germanicus.

301 1734 440 1800 Quod
468 1751 591 1782 nunc
616 1733 801 1783 rubrum
821 1733 882 1782 ad
908 1750 1049 1782 mare.
1080 1733 1213 1783 Olim
1231 1731 1342 1780 urbe
1359 1733 1515 1800 Syene

232 1800 474 1850 finiebatur
500 1802 749 1864 imperium
773 1802 1057 1850 Romanum.
1091 1800 1157 1848 At
1175 1799 1371 1861 Trajani
1396 1816 1516 1847 tem-

230 1886 381 1934 pore,
416 1885 510 1936 quo
553 1866 771 1916 scribebat
811 1868 1033 1925 Tacitus,
1077 1866 1135 1914 ad
1181 1865 1333 1912 fauces
1375 1866 1513 1912 maris

231 1935 354 1982 rubri
376 1973 388 1994 ‚
423 1949 547 1981 nunc
574 1931 613 1979 le
639 1931 805 1982 de'troit
833 1932 887 1981 de
913 1929 1245 1980 Babelmandel
1263 1969 1278 1992 ,
1313 1931 1514 1995 patebat.

228 1998 474 2050 'Veteribus
509 1999 632 2045 enim
656 1995 946 2064 scriptoribus
965 2015 1092 2045 mare
1118 1998 1304 2045 rubrum
1326 2015 1424 2044 non
1450 1997 1518 2044 est

232 2065 352 2114 finus
385 2064 606 2114 Arabicus
647 2063 692 2111 la
731 2083 825 2114 mer
863 2081 1004 2131 rouge
1033 2102 1046 2124 ‚
1092 2060 1167 2111 sed
1208 2062 1336 2129 quod
1371 2063 1516 2129 vulg&

190 2134 211 2139 “’
236 2131 426 2182 dicimus
461 2148 588 2180 mare
615 2129 826 2181 Indicum
852 2171 866 2193 ,
901 2131 947 2180 la
977 2147 1072 2180 mer
1098 2128 1178 2178 des
1200 2127 1358 2178 Indes.
1426 2172 1427 2175 ,

301 2262 429 2312 CAP.
464 2265 621 2312 LXII.
674 2262 838 2313 Frac‘Zo
870 2263 972 2327 jam
1010 2259 1314 2310 Maroboduo.
1364 2259 1513 2326 Supra}

232 2328 411 2379 'AnnaL
438 2330 512 2391 II,
548 2339 627 2389 46.

306 2395 554 2445 Gothones.
579 2396 702 2444 Mari
724 2396 900 2444 Baltico
932 2400 975 2442 &
1009 2395 1130 2442 ostiis
1151 2392 1340 2442 Vistulae
1357 2431 1371 2453 ‚
1403 2390 1514 2440 Oc·-

237 2462 465 2511 cidentcm
493 2461 644 2510 versus
666 2501 678 2522 ,
702 2463 903 2526 proximi
932 2476 1060 2509 erant
1084 2458 1350 2509 Gothones.
1384 2458 1515 2510 Vide

231 2528 353 2589 infra
384 2529 440 2579 de
471 2527 681 2578 Moribus
707 2526 934 2578 German*
973 2526 1092 2591 Cap.
1113 2543 1193 2595 43.
