1655 3088
269 166 748 213 ANNArxtJM
810 151 1066 210 Lrn.I.
1235 171 1297 229 51

35 277 161 315 non
188 250 384 335 proelio
407 297 424 321 ,
469 271 584 306 non
619 244 853 305 adversis
892 269 921 304 e
951 250 1128 307 castris
1154 297 1169 320 ‚
1212 249 1308 309 sed

43 336 242 397 iisdem
268 357 297 392 e
323 331 597 391 cubilibus
623 378 639 403 ,
680 353 819 410 quos
842 328 1003 387 simul
1026 330 1305 392 vescentes
1336 323 1386 361 Α·
1405 323 1452 360 U.
1476 320 1530 359 C.

46 420 193 490 dies,
228 415 390 475 simul
413 416 631 496 quietos
653 436 763 471 nox
786 412 1054 472 habuerat
1077 461 1093 485 ,
1139 414 1310 475 disce-

45 503 185 562 dunt
223 501 282 558 in
316 521 494 582 partes
521 546 536 570 ,
569 499 833 580 ingerunt
865 496 1010 556 tela:
1053 496 1265 556 clamor
1294 547 1310 571 ,

45 583 274 646 vulnera
289 631 304 654 ‚
325 582 541 665 sanguis
558 582 742 665 palam
759 605 775 658 3
802 579 959 640 causa
977 581 1037 639 in
1057 581 1312 641 occulto:

49 689 233 731 cetera,
266 665 378 725 fors
421 667 604 749 regit:
656 674 713 724 &
755 664 989 745 quidam
1032 664 1317 724 bonorum

50 752 164 812 caesi
186 800 203 824 ,
242 752 531 834 postquam
557 798 572 822 ,
612 747 899 807 intellecto
928 749 986 805 in
1011 772 1150 829 quos
1172 748 1318 809 frevi-

50 857 236 906 retur,
285 833 498 916 pessimi
540 854 766 913 quoque
810 854 964 890 arma
1005 854 1317 915 rapuerant.

49 919 246 999 Neque
287 918 498 999 legatus
520 963 536 986 ‚
578 937 670 974 aut
705 915 957 974 tribunus
992 916 1319 985 moderator

49 999 229 1062 adfuit
249 1025 261 1058 ε
281 998 538 1083 permiffa
555 998 725 1082 vulgo
748 998 972 1058 licentia
990 1021 1157 1081 atque
1178 1000 1320 1059 ultio

51 1095 109 1146 δε
132 1083 365 1143 satietas·
410 1085 555 1143 Mox
592 1082 857 1165 ingreffus
895 1085 1060 1142 castra
1086 1088 1325 1143 Germa-

51 1169 205 1228 nicus
235 1216 251 1240 ‚
285 1195 317 1219 cc
336 1191 452 1226 non
476 1167 821 1225 medicinam
850 1166 991 1226 illud
1011 1197 1043 1220 σο
1070 1167 1324 1250 plurimis

53 1276 183 1313 cum
221 1251 460 1310 lacrimis
483 1299 498 1323 ,
530 1279 563 1302 cc
583 1249 680 1310 sed
707 1249 928 1309 cladem
950 1280 982 1304 α)
1005 1251 1284 1333 appellans
1306 1299 1325 1324 ‚

58 1364 95 1390 <e
112 1335 346 1394 cremari
375 1356 606 1416 corpora
628 1364 661 1388 σο
685 1333 858 1414 jubet.
905 1336 1133 1393 Truces.
1152 1336 1327 1394 etiam

43 1440 176 1479 turn
201 1418 418 1478 animos
449 1417 653 1500 cupido
679 1416 893 1476 involat
918 1417 1089 1477 eundi
1125 1418 1183 1476 in
1220 1420 1326 1477 ho-

53 1505 191 1563 stem
210 1550 226 1575 ‚
265 1500 550 1585 piaculum
581 1499 781 1561 furoris
807 1525 818 1559 :
862 1524 966 1560 nec
992 1501 1153 1561 aliter
1176 1501 1329 1585 posse

54 1586 259 1671 placari
297 1584 759 1644 commilitonum
801 1608 1030 1657 mane3‚
1074 1586 1246 1666 quam
1288 1585 1332 1645 si

55 1668 370 1754 pedoribus
413 1669 601 1751 impiis
638 1669 866 1726 honesta
901 1668 1132 1728 vulnera
1171 1693 1331 1729 acce-

59 1751 273 1837 piffent.
297 1752 555 1833 Sequitur
574 1750 834 1811 ardorem
854 1751 1107 1811 militum
1129 1752 1332 1826 Caesar,

59 1841 360 1919 junctoque
386 1856 556 1917 ponte
582 1834 844 1894 tramittit
870 1835 1175 1894 duodecim
1207 1837 1334 1895 mil-

0 1922 1 1927 ’
61 1920 135 1978 lia
163 1942 193 1978 e
219 1918 533 2001 legionibus
554 1966 570 1990 ‚
615 1915 707 1977 sex
730 1927 788 1978 δε
812 1918 1016 2001 viginti
1041 1917 1211 1978 socias
1237 1945 1336 1979 co-

63 2005 249 2065 hortes
273 2050 290 2074 ‚
335 2006 463 2061 osto
510 2001 769 2083 equitum
807 2000 916 2061 alas
942 2051 958 2075 ‚
1004 2026 1243 2084 quarum
1270 2003 1336 2065 ea

61 2085 337 2148 seditione
362 2086 695 2145 intemerata
719 2085 990 2146 modestia
1012 2086 1135 2146 fuit.

148 2172 214 2229 L.
263 2170 432 2227 LAEn
467 2218 483 2242 ‚
530 2193 714 2251 neque
759 2169 952 2252 procul
989 2219 1005 2243 ‚
1060 2168 1339 2230 Germani

66 2252 350 2336 agitabant
374 2302 389 2326 ‚
433 2253 572 2312 dum
599 2254 804 2335 justitio
833 2254 907 2313 ob
935 2253 1192 2314 amiffum
1220 2255 1338 2315 Au-

64 2338 285 2418 gustum
321 2385 336 2409 ,
383 2339 498 2419 post
540 2336 827 2397 discordiis
870 2339 1192 2399 attinemur.
1258 2339 1339 2399 At

70 2423 359 2480 Romanus
376 2423 602 2504 agmine
619 2445 856 2505 propero
875 2421 1065 2483 silvam
1082 2423 1339 2496 Caeliani,

75 2503 429 2586 limitemque
473 2530 505 2565 a
539 2507 776 2566 Tiberio
819 2529 1072 2591 coeptum·
1104 2507 1342 2567 scindit:

0 2653 3 2666 ,
79 2589 242 2649 castra
265 2589 325 2649 in
347 2589 530 2652 limite
555 2589 701 2652 locat
726 2616 740 2651 z
766 2588 1015 2654 frontem
1034 2615 1094 2651 ac
1118 2614 1343 2674 tergum

1048 2676 1183 2757 cij

1383 403 1408 440 7
1445 400 1491 439 7·

1372 467 1410 506 J.
1442 466 1494 506 C·

1399 546 1472 587 14.
