1682 3110
172 97 407 189 xxxvj
493 93 965 165 PRAEFA
1009 94 1242 166 TIO.

176 207 548 300 Lipfiorum
582 208 784 300 stirpis
817 203 1087 274 ultimus
1112 257 1135 297 ‚
1174 211 1243 275 δε
1272 223 1463 300 mag«

179 326 342 370 num
390 300 589 369 decus
632 309 675 368 ¹.

278 396 380 464 IN
402 417 447 462 T
470 416 505 461 Ε
526 418 567 462 R
626 415 845 464 tantos
894 395 1097 487 Lipsii
1151 393 1407 465 labores
1440 447 1466 485 ‚

188 490 456 558 Curtius
499 489 824 557 PchENA
859 541 882 576 ,
956 489 1195 581 Magni
1251 490 1467 560 Ducis

183 585 458 653 Etruriae
505 609 542 650 a
583 584 840 653 secretis
862 637 885 672 ,
936 586 1004 650 in
1054 584 1477 654 emendando

187 679 438 748 Tacito
497 677 852 748 Florentiae
909 676 1142 747 utilem
1205 703 1474 773 operam·

188 774 405 869 posuit
434 781 481 841 ².
543 773 707 842 Usus
754 798 949 841 manu
992 772 1240 867 scriptis
1283 773 1472 842 codi-

193 867 379 936 cibus
423 865 842 938 bibliothecae
891 867 1216 938 Mediceae
1243 921 1266 957 ,
1320 866 1474 936 loca

194 961 473 1057 plurima
499 1014 521 1051 ,
578 988 719 1054 quae
754 962 916 1031 alios
947 962 1245 1054 fugerant
1269 1014 1291 1050 ,
1341 963 1475 1032 res-

197 1059 383 1126 tituit
410 1064 479 1125 ὃ(
503 1057 879 1151 explicavit.
934 1058 1022 1124 Iis
1054 1058 1307 1150 Lipfius
1339 1081 1478 1126 non

199 1151 625 1220 :mediocriter
640 1153 919 1246 profecit
936 1153 1004 1217 in
1019 1150 1480 1244 posterioribus

202 1246 328 1314 suis
362 1245 762 1316 editionibus
797 1299 818 1334 ,
867 1267 941 1314 ut
971 1245 1380 1315 nitescerent.

297 1341 614 1410 Matthias
671 1343 1192 1409 BERNEGGERUS
1227 1391 1249 1430 ,
1315 1342 1480 1410 Ger-

203 1459 433 1504 manus
460 1488 481 1522 ,
514 1439 718 1529 magis
750 1435 829 1503 ad
855 1433 1204 1504 utilitatem
1233 1487 1255 1523 ,
1287 1433 1483 1527 quam

201 1529 290 1600 ad
316 1528 764 1624 ‘splendorem
797 1584 819 1618 ,
882 1532 1015 1599 fine
1045 1527 1206 1597 ulla
1264 1552 1489 1598 tamen

204 1622 360 1693 Mff.
395 1623 711 1692 librorum
746 1648 876 1719 ope
902 1675 922 1712 ,
970 1624 1196 1691 Taciti
1244 1625 1487 1694 editio-

210 1742 366 1787 nem
429 1740 863 1788 accuraverat.
957 1718 1062 1785 Eo
1125 1718 1433 1789 defuncto
1463 1771 1495 1810 5

212 1835 417 1904 gener
454 1811 590 1900 ejus
635 1813 674 1885 J
681 1835 924 1880 oannes
962 1811 1488 1906 Freinshemius,

213 1909 314 1979 vir
341 1908 408 1973 in
436 1905 772 2001 republica
797 1903 1077 1975 literaria
1105 1908 1490 2002 notiffimus,

285 2110 299 2133 ¹
344 2109 602 2156 Innumerae
664 2106 822 2171 postea
981 2110 1000 2133 ²
1042 2105 1245 2155 Pichena
1317 2105 1494 2156 seorsus

215 2171 825 2239 fueruntLipsianaeeditio-
887 2187 1020 2219 notas
1067 2171 1270 2237 primum
1318 2172 1494 2235 edidit3

217 2258 322 2301 nes,
348 2259 541 2306 quarum
558 2237 825 2286 nitidiffimae
888 2237 1052 2285 deinde
1108 2238 1356 2285 editionem
1398 2237 1495 2303 ipse

221 2305 321 2354 sunt
353 2325 453 2373 quae
492 2308 611 2372 typis
645 2303 826 2352 Elzevi-
890 2303 1496 2353 adornavitexcusamFran-

221 2375 360 2421 rianis
382 2373 590 2437 prodiere
608 2369 827 2436 Lugduni
891 2368 1053 2417 cofurri
1095 2388 1220 2419 anno
1264 2378 1401 2428 1607.
1448 2377 1495 2419 &

221 2439 500 2487 Batavorum
525 2441 654 2486 annis
678 2447 793 2487 1621
815 2476 828 2500 ‚
891 2436 1089 2483 Aureliae
1177 2437 1489 2505 Allobrogum

229 2513 352 2571 1634
376 2511 420 2555 ὃ(
450 2513 588 2566 1640.
894 2520 1017 2553 anno
1052 2508 1191 2568 1609,
1403 2510 1406 2511 ’
