1655 3088
393 152 871 196 ANNAmuM
921 132 1200 192 NoTAE.
1319 153 1437 210 399

153 239 278 290 vfilius
295 277 307 298 ‚
333 235 437 286 cum
457 235 614 283 Aliam
633 231 854 282 invafisset
873 250 998 280 anno
1019 231 1089 281 U.
1104 231 1163 281 C.
1184 247 1408 281 DCXXIII
1420 268 1435 295 ,
1474 276 1481 283 ,

160 303 439 369 aPerperna
469 301 664 349 domitus
695 307 740 348 &
771 315 928 364 captus
956 299 1033 345 est.

229 370 278 419 H
302 368 502 430 paepeni.
521 367 742 434 Hypaepa
759 406 772 429 ,
794 366 898 413 urbs
917 364 1079 432 Lydiae
1099 403 1112 424 ,
1135 381 1259 412 nunc
1279 362 1440 415 Berki.

227 386 480 485 Tialliani.
502 486 505 488 ,
530 432 700 482 Trallis
727 472 740 494 ‚
791 432 895 480 urbs
934 431 1094 499 Lydiae
1125 468 1139 491 ,
1187 430 1440 479 Ptolemaeo

159 503 314 554 ‘Cariae
339 540 350 562 ‚
384 516 508 547 nunc
537 498 707 549 Chora.

233 566 530 682 Lgiaodicenis.
579 565 815 617 Laodicea
841 604 856 628 ,
899 563 1002 614 urbs
1027 563 1241 632 Phrygiae
1265 601 1278 622 ‚
1316 578 1445 612 nunc

167 635 247 686 La
284 635 350 684 ilc.

234 697 703 767 Magnetibusfimul.
731 697 973 765 Magnesia
991 695 1046 744 ad
1070 696 1284 766 Sipylum
1303 736 1317 759 ,
1342 697 1449 745 urbs

169 767 334 835 Lydiae
350 806 362 827 ,
396 783 520 814 nunc
546 766 786 830 Magnifiz.
831 763 1105 811 Graecorum
1128 781 1258 812 more
1278 802 1291 824 ‚
1307 759 1451 830 fimul

173 852 283 884 cum
311 849 474 900 quarto
497 828 597 879 casu
619 832 862 896 conjungit
883 829 1093 879 Tacitus.

238 900 446 964 Ilienses.
493 898 629 945 Ilium
650 936 662 957 ‚
695 896 798 943 urbs
827 895 1025 943 Troadis
1046 935 1059 957 ‚
1091 912 1216 943 nunc
1235 893 1394 946 Troie.

240 963 583 1030 Halicarnaffii.
637 960 981 1012 Halicarnaffus
1010 1000 1025 1024 ‚
1074 961 1177 1009 urbs
1223 959 1416 1011 Doridis
1439 972 1457 1023 ,'

178 1049 306 1084 nunc
346 1030 573 1082 Bodroun.

226 1098 572 1164 Pergamenos.
608 1096 684 1144 De
706 1093 1003 1163 Pergamenis
1019 1133 1032 1155 ,
1067 1094 1298 1143 Sardianis
1316 1134 1328 1153 ,
1356 1093 1461 1143 Mi-

144 1179 150 1187 ’“
177 1164 293 1215 lefiis
314 1204 326 1225 ,
357 1170 400 1211 &
423 1162 628 1228 Ephefiis
667 1161 839 1211 dietum
863 1163 924 1210 est
951 1159 1082 1227 supra
1098 1160 1273 1210 Annal.
1293 1161 1370 1223 II,
1395 1177 1461 1227 471

180 1239 228 1280 δε
252 1247 348 1292 543
381 1230 475 1289 III,
503 1237 557 1277 61
587 1235 632 1275 &
658 1237 737 1292 63.

250 1298 291 1346 Α
338 1294 501 1355 Pelope
531 1312 710 1343 nomen.
756 1296 802 1344 A
836 1295 1013 1359 Pelope
1044 1309 1140 1342 tota
1172 1295 1301 1361 regio
1340 1292 1462 1342 did&

181 1359 528 1427 Peloponnesus
547 1400 560 1422 ‚
592 1379 716 1408 nunc
741 1362 785 1410 Za
812 1361 986 1409 More‘e.
1023 1359 1138 1408 Una
1166 1378 1278 1427 ergo
1300 1359 1465 1427 Lydo-

181 1447 283 1477 rum
308 1466 321 1488 ,
355 1426 741 1494 Tyrrhenorum,
772 1426 851 1482 seu
882 1423 1176 1475 Etruscorum
1198 1464 1212 1488 ,
1242 1432 1286 1474 &
1318 1425 1464 1475 Pelo-

182 1493 521 1563 ponnefiorum
546 1496 698 1561 origo.
736 1490 758 1493 μ
1186 1508 1194 1514 “

254 1625 382 1675 CAP.
410 1623 548 1677 LVI.
586 1624 666 1675 M.
689 1623 856 1675 Porcio
888 1622 1079 1690 confide.
1122 1624 1270 1674 Anno
1309 1623 1379 1673 U.
1412 1622 1472 1675 C.

183 1705 337 1742 Dux.

256 1758 408 1820 Super
441 1774 676 1807 numerum
713 1756 960 1823 legaretur.
1001 1757 1192 1807 Censuit
1225 1755 1392 1808 Vibius
1425 1769 1474 1805 ut

190 1842 351 1891 praeter
376 1842 548 1874 certum
573 1842 819 1873 numerum
843 1824 1101 1892 legatorum
1121 1863 1134 1886 ,
1165 1825 1244 1891 qui
1267 1840 1475 1890 procon-

193 1891 359 1942 sulibus
399 1891 718 1959 adfignabatur
744 1930 757 1951 ,
795 1890 909 1939 alius
945 1890 1079 1957 super
1113 1907 1359 1940 numerum
1388 1888 1478 1938 ad-

195 1957 378 2009 deretur
397 1998 410 2021 ,
445 1961 524 2026 qui
560 1957 722 2023 templi
755 1973 912 2005 curam
942 1956 1198 2025 susciperet.

259 2089 387 2140 CAP.
436 2089 593 2141 LVII.
647 2086 862 2148 Ulcerosa
908 2088 1081 2151 facies·
1140 2089 1258 2140 Non
1314 2086 1482 2137 faciem

197 2155 374 2205 tantum
394 2196 407 2218 ‚
428 2155 503 2204 sed
524 2171 670 2205 totum
686 2153 865 2203 Tiberii
885 2172 1052 2222 corpus
1076 2153 1334 2206 ulcerosum
1353 2151 1483 2202 fuisse

199 2221 337 2272 docet
362 2223 571 2276 Julianus
594 2263 606 2284 ‚
629 2225 678 2270 in
703 2219 954 2272 Caesaribus
973 2262 986 2284 ‚
1014 2240 1126 2291 pag.
1156 2241 1265 2288 309.
1296 2220 1484 2271 Tertius

198 2289 384 2355 acceffit
411 2287 472 2339 ad
498 2289 612 2352 ipstas
638 2286 851 2337 Tiberias
873 2330 888 2353 ,
919 2290 1087 2357 gravis
1111 2289 1238 2340 vultu
1260 2328 1276 2352 ‚
1306 2287 1357 2337 Cr
1381 2302 1484 2336 tru-

201 2354 413 2404 culentus
428 2356 602 2421 asperi-iu
621 2353 873 2420 ,fimulque
892 2354 1123 2420 widem,
1145 2374 1201 2405 ac
1219 2352 1484 2405 militariter

202 2420 407 2472 intuens.
456 2421 562 2488 Quo
585 2419 645 2469 ad
667 2419 932 2471 cathedram
953 2423 1156 2488 convezssJ
1174 2464 1190 2488 ‚
1205 2422 1302 2489 sese
1338 2418 1482 2468 oculis

203 2485 464 2537 obtulerunt
481 2487 723 2536 cicatrices
743 2505 772 2536 a
790 2503 857 2536 ter
892 2507 914 2538 ο
929 2488 1125 2554 infinitae
1144 2530 1158 2552 ,
1175 2485 1482 2538 ulcerationes

204 2552 413 2618 quaedam
432 2593 448 2620 ‚
485 2570 541 2603 ac
561 2552 753 2605 macula-2
772 2593 789 2619 ,
819 2570 849 2618 Ρ
872 2571 974 2624 agae
993 2572 1170 2624 graves
1193 2555 1244 2608 ἓν
1270 2551 1480 2616 vibices,
