1703 3083
384 102 444 172 P
486 102 673 172 RAE
708 102 860 172 FA
905 102 1027 171 TI
1058 105 1141 172 ο.
1269 106 1427 200 κω]

142 217 323 289 Tum
394 214 572 282 suam
645 214 1011 282 versionem
1084 214 1424 288 adornavit

144 311 254 380 Cl.
290 310 580 378 GUERIN
615 336 627 373 ε
689 305 882 374 aliam
933 306 1367 378 meditabatur
1401 336 1427 398 ‚⁷

142 405 405 497 jamque
458 427 574 496 per
622 424 833 496 partes
890 401 1086 471 edere
1136 427 1429 497 coeperat

147 498 257 567 Cl.
302 519 394 566 DE
447 520 532 564 LA
576 498 926 566 BLETERIE
968 521 988 577 3
1048 523 1244 588 quam
1294 523 1431 564 non

146 596 364 661 finivit
405 644 428 678 ,
485 614 698 660 morte
747 595 1169 685 interceptus.
1262 593 1434 682 Quae

149 687 422 756 deerant
443 738 464 773 ,
495 688 770 780 perfecit
797 684 905 754 Cl.
934 686 1432 755 DOTTEVILLE.

150 781 632 876 Interpretandi
670 778 851 873 leges
893 781 1264 874 praescripfit
1292 832 1312 868 ,
1368 787 1438 849 δε

158 877 243 945 ad
287 900 509 945 earum
548 876 822 943 formam
857 873 1090 944 selech
1125 883 1194 944 ἃ
1224 875 1441 969 splen-

157 971 309 1040 dida
387 971 611 1039 Taciti
651 1010 653 1012 ·
696 968 846 1038 loca
938 971 1238 1064 expreffit
1330 967 1440 1036 Ci.

160 1066 648 1134 D'ALEMBERT.
714 1065 966 1133 Eorum
1000 1062 1315 1159 exemplis
1349 1064 1446 1130 fa-

160 1158 400 1252 maque
434 1157 651 1253 plures
685 1162 951 1228 excitati
986 1185 1191 1228 novas
1239 1182 1443 1253 appa-

163 1276 308 1323 rant
331 1255 555 1321 Taciti
583 1255 1172 1347 interpretationes,
1198 1255 1450 1346 Vigeat

167 1347 544 1440 crescatque
573 1351 872 1440 egregius
904 1347 1018 1416 ille
1052 1348 1240 1416 ardor
1260 1399 1281 1434 ,
1311 1370 1449 1438 quo

164 1444 447 1512 summus
474 1442 860 1537 scriptorum
887 1444 1141 1538 imperii
1157 1442 1453 1510 Romani

171 1563 311 1607 non
335 1537 541 1606 mode
566 1536 739 1633 apud
761 1565 879 1607 nos
907 1540 1111 1626 magis
1144 1562 1218 1605 ac
1246 1537 1456 1628 magis

172 1631 602 1714 inclarescet,
648 1626 757 1693 sed
808 1631 852 1692 fi
900 1629 1008 1693 sua
1055 1650 1206 1694 eum
1258 1632 1327 1692 vi
1382 1651 1458 1695 ac

173 1723 496 1793 brevitate
570 1721 989 1813 exprimimus
1040 1771 1061 1806 ,
1145 1744 1462 1811 magnum

177 1816 455 1886 accedet
491 1813 837 1884 literaturae
883 1816 1108 1883 nostrae
1153 1813 1354 1883 decus
1394 1821 1465 1885 δί

180 1913 702 1983 incitamentum.

278 2008 365 2074 IN
426 2007 560 2074 hoc
623 2028 844 2075 autem
912 2005 1469 2102 interpretationis

188 2124 433 2195 genere
462 2125 598 2168 non
631 2102 803 2170 stetit
831 2102 1054 2172 Taciti
1089 2103 1464 2172 admiratio:

187 2194 468 2265 alterum
495 2198 902 2290 excogitavit
924 2250 946 2285 ,
992 2202 1127 2290 (μὲ)
1161 2197 1467 2265 licentiuS

190 2290 668 2385 exspatiaretur.
764 2289 1148 2363 Illustriores
1221 2290 1472 2361 scilicet

192 2385 420 2455 Taciti
459 2387 787 2456 sententiae
827 2390 1282 2484 praecipu-aque
1318 2409 1475 2460 ver«.

195 2477 279 2551 ba
305 2532 327 2572 ,
376 2503 707 2576 tamquam
752 2486 1049 2578 primaria
1097 2492 1164 2554 ὃς
1214 2484 1474 2579 propria
