1655 3088
269 150 742 198 'ANNAL1UM
787 132 950 193 L1n.
996 136 1040 194 1.
1218 159 1294 210 77

66 237 385 298 LXXVII.
402 233 493 292 AT
514 252 782 290 THEATM
800 230 1025 290 licentia
1039 233 1295 314 proximo
1322 259 1515 293 Ξ

29 323 208 405 priore
235 341 380 376 anno
405 336 584 397 coepta
603 363 619 387 ,
660 314 877 396 gravius
912 335 1035 373 tum
1078 318 1258 396 erupit
1278 365 1294 388 ,

28 401 211 478 occisis
235 423 351 458 non
380 400 555 457 modo
580 422 609 457 e
638 397 801 480 plebe
826 446 843 470 ‚
881 396 979 456 sed
1021 396 1294 457 militibus

28 495 86 547 &
113 484 458 555 centurione,
478 481 768 540 vulnerato
786 481 1012 540 tribuno
1035 482 1296 564 praetoriae

26 569 267 628 cohortis
291 615 308 638 ,
356 566 495 623 dum
535 564 739 647 probra
765 565 825 622 in
857 566 1201 647 magistratus
1241 574 1298 625 &

25 648 416 728 dissenfionem
439 648 593 730 vulgi
624 648 944 730 prohibent.
987 648 1199 707 Actum
1225 648 1299 708 de

24 733 88 794 ea
115 732 387 794 seditione
421 732 569 813 apud
595 752 774 812 patres
801 779 816 802 ,
854 731 1299 813 dicebanturque

22 817 344 887 sententiae,
382 814 854 953 ccutsspraetoribus
888 822 970 896 jus
1014 816 1300 897 virgarum

21 901 124 976 :oin
155 901 441 957 histriones
473 920 501 956 e
550 918 683 956 etao:
714 898 1012 957 interceffit
1040 901 1302 958 Haterius

20 983 269 1066 Agrippa
315 981 568 1040 tribunus
612 980 837 1063 plebei,
887 981 1302 1064 increpitusque

21 1069 96 1128 est
120 1067 297 1126 Afinii
319 1064 470 1124 Galli
492 1067 745 1124 oratione
770 1114 789 1138 ,
810 1064 1001 1125 silente
1022 1067 1261 1126 Tiberio
1283 1090 1310 1140 ‚'

20 1152 119 1233 qui
145 1175 209 1210 ea
238 1148 524 1209 simulacra
550 1148 821 1208 libertatis
849 1148 1060 1209 senatui
1090 1151 1301 1233 praebe-

20 1235 117 1294 bat
141 1260 153 1292 :
177 1234 352 1293 valuit
372 1254 563 1293 tamen
587 1233 898 1292 interceffio
923 1282 940 1305 ‚
984 1236 1117 1314 quia
1139 1234 1301 1294 divus

16 1318 294 1400 Augustus
306 1318 625 1375 “immunes
644 1317 944 1376 verberum
964 1318 1291 1377 histriones»

0 1401 307 1484 *quondam
329 1398 688 1482 responderat
708 1447 725 1472 ,
746 1422 932 1481 neque
955 1398 1034 1459 fas
1059 1401 1298 1461 Tiberio

16 1484 323 1567 infringere
371 1483 521 1542 dista
561 1490 693 1562 ejus,
735 1485 829 1543 De
859 1484 1034 1543 modo
1057 1484 1255 1544 lucaris
1278 1533 1298 1559 ‚

18 1577 76 1630 δε
122 1566 380 1627 adversus
421 1565 702 1625 lasciviam
742 1564 1029 1627 fautorum
1058 1618 1074 1642 ,
1119 1569 1300 1628 multa

17 1651 436 1729 decernuntur3
480 1673 545 1710 ex
591 1649 712 1731 quis
750 1653 992 1711 maxime
1025 1651 1295 1735 insignia:

23 1737 164 1797 ‹cNe
204 1736 406 1794 domos
428 1734 915 1817 pantomimorum
953 1735 1174 1795 senator
1205 1737 1296 1795 in-

11 1820 295 1878 :otroiretz
339 1841 410 1877 ne
457 1818 806 1899 egredientes
850 1820 911 1876 in
956 1819 1249 1901 publicum
1274 1848 1301 1893 ,·

11 1904 272 1984 aequites
310 1901 559 1960 Romani
601 1901 935 1983 cingerent:
986 1923 1080 1961 aut
1121 1902 1295 1977 alibi,

2 1986 230 2068 :nquam
262 1985 321 2043 in
346 1984 564 2043 theatro
588 2032 604 2056 ,
627 1983 1003 2066 spectarentur
1025 2011 1036 2044 :
1063 1994 1119 2046 &
1145 1984 1294 2069 spec-

11 2070 301 2129 aetantium
327 2067 746 2126 immodestiam
784 2068 971 2128 exfilio
1009 2069 1294 2130 multandi

12 2185 48 2211 m
57 2155 290 2238 potestas
321 2151 641 2233 praetoribus
671 2151 831 2212 fieret
846 2182 906 2212 υ.

82 2238 426 2296 LXXVIII.
483 2237 789 2294 TEMPLUM
840 2256 902 2294 ut
957 2236 1017 2294 in
1066 2236 1291 2304 colonia

13 2319 416 2380 Tarraconensi
439 2320 732 2378 strueretur
756 2319 1005 2402 Augusto
1028 2368 1044 2392 ‚
1085 2342 1289 2403 peten-

14 2404 158 2465 tibus
181 2401 436 2485 Hispanis
466 2401 793 2485 permissum
820 2428 840 2480 3
876 2403 1185 2485 datumque
1224 2407 1286 2465 in

12 2511 208 2547 omnes
258 2487 564 2568 provincias
617 2487 955 2570 exemplum.
1024 2488 1284 2547 Centesi-

11 2593 166 2641 mam
205 2592 392 2631 rerum
434 2570 730 2632 venalium·
759 2573 877 2655 post
912 2570 1061 2631 bella
1097 2573 1283 2631 civilia

951 2656 1012 2715 D
1055 2655 1114 2735 iij

1325 317 1373 354 A.1
1396 317 1446 352 U,
1465 315 1516 353 C.

1365 388 1476 436 768.

1360 466 1396 503 J.
1430 467 1480 503 C.

1397 546 1470 591 15·
