1655 3088
269 126 1029 206 ANNA11UML1B.I.
1208 151 1280 203 79

21 245 283 308 »minore
316 237 492 323 gloria
527 235 695 294 fluere
718 261 777 290 ω.
827 233 932 289 Seu
969 250 1155 309 preces
1190 250 1287 284 co-
1310 242 1500 281 ΞΞ-εὲιε

22 332 298 393 loniarum
321 372 337 396 ‚
381 320 476 381 seu
518 315 813 377 difficultas
859 333 1095 394 operum
1120 357 1135 380 ,
1179 309 1286 368 ssve
1313 305 1364 345 A.
1382 306 1432 343 U·
1454 300 1504 341 C.

22 410 324 496 superstitio
339 404 513 464 valuit
530 451 546 475 ‚
565 401 705 460 utin
724 395 1060 457 sententiam
1078 390 1287 450 Pisonis
1354 378 1466 426 7⁶3·

22 493 421 559 concederetur
451 537 467 561 ,
519 488 618 568 qui
655 483 737 542 nil
780 477 1117 540 mutandum
1159 497 1291 535 cen-

23 581 218 642 suerat.

113 660 354 721 LXXX.
375 659 807 714 PROROGATUR
825 649 1062 728 Poppceo
1088 640 1301 706 Sabino·

25 744 311 833 provincia
333 736 576 808 Moefia„
610 732 814 792 additis
839 726 1053 789 Achaia
1079 750 1139 783 ac
1168 726 1298 784 Ma-

27 826 278 890 cedonia.
307 824 376 884 Id
401 841 626 902 quoque
655 837 881 875 morum
905 811 1127 870 Tiberii
1150 806 1259 867 fuit
1279 855 1298 881 ,

27 913 353 974 continuare
376 903 633 987 imperia,
653 924 713 959 ac
730 894 1020 982 plerosque
1036 893 1107 952 ad
1124 893 1301 951 finem

27 999 150 1060 vitae
177 997 236 1053 in
265 990 465 1051 iisdem
495 984 823 1047 exercitibus
855 1029 870 1053 ,
920 1000 1013 1038 aut
1053 975 1303 1060 jurisdic-

25 1080 275 1142 tionibus
303 1074 524 1134 habere.
564 1067 757 1130 Causa:
781 1065 939 1125 variae
971 1062 1300 1122 traduntur:

30 1165 126 1226 alii
157 1192 188 1216 cc
208 1161 372 1221 taedio
395 1179 550 1216 novae
576 1177 714 1214 curae
735 1200 752 1224 ‚
777 1147 951 1210 semel
977 1146 1178 1231 placita
1202 1167 1303 1226 pro

29 1247 287 1308 aoaeternis
310 1238 593 1303 servaviffe
611 1268 644 1291 ο)
672 1263 683 1296 :
723 1235 956 1317 quidam
1001 1259 1032 1282 cc
1052 1228 1263 1289 invidia
1285 1275 1306 1300 ‚

0 1357 1 1390 ι
30 1355 146 1391 none
188 1329 369 1412 plures
408 1322 723 1383 fruerentur
736 1350 768 1373 22
800 1345 811 1376 z
847 1316 970 1376 sunt
996 1315 1092 1395 qui
1126 1312 1307 1372 existi-

32 1434 193 1476 ment
216 1461 231 1485 ‚
264 1431 375 1470 ccut
405 1406 674 1466 callidum
715 1411 829 1484 ejus
857 1399 1152 1482 ingenium
1175 1445 1192 1468 ,
1228 1396 1306 1454 ita

32 1497 305 1558 manxium
348 1491 670 1575 judicium„
701 1512 712 1545 z
749 1507 932 1567 neque
970 1482 1124 1542 enim
1166 1480 1308 1538 emi-

35 1603 233 1645 nentes
253 1580 481 1639 virtutes
500 1572 804 1633 sectabatur
826 1618 842 1642 ‚
864 1578 920 1629 δε
938 1564 1150 1625 rursum
1172 1565 1308 1623 vitia

37 1667 273 1727 oderat:
322 1684 387 1723 ex
423 1658 650 1742 optimis
674 1704 690 1728 ‚
737 1650 1046 1737 periculum
1090 1647 1234 1724 fibi3
1278 1672 1311 1706 a

39 1749 277 1836 peffimis
302 1794 318 1818 ‚
361 1743 602 1805 dedecus
643 1738 933 1822 publicum
973 1732 1261 1792 metuebat
1294 1755 1308 1789 ε

41 1833 151 1916 qua
166 1830 501 1891 haesitatione
520 1824 796 1908 postremo
820 1822 886 1880 eo
905 1819 1194 1902 provectus
1216 1816 1311 1887 est,

39 1939 101 1978 ut
153 1911 504 1974 mandaverit
563 1903 899 1989 quibusdam
958 1899 1267 1983 provincias
1292 1943 1314 1971 ‚

39 2023 181 2084 quos
207 1996 400 2079 egredi
420 1992 579 2053 Urbe
604 2013 720 2048 non
746 2009 861 2048 erat
886 1982 1145 2069 passurus,

124 2082 397 2142 LXXXI.
437 2079 531 2137 DE
573 2095 846 2132 COMITHS
896 2064 1271 2128 consularibus
1296 2110 1316 2136 ‚

43 2190 163 2249 quae
190 2187 312 2224 tum
344 2159 593 2246 primum
617 2156 718 2215 illo
755 2154 1002 2238 principe
1022 2199 1038 2223 ,
1074 2156 1135 2209 ac
1158 2148 1316 2207 dein<

47 2274 172 2333 ceps
197 2248 351 2308 fuere
372 2294 387 2318 ,
411 2244 502 2304 vix
523 2241 836 2324 quidquam
859 2237 1080 2295 firmare
1102 2231 1273 2291 ausim
1295 2254 1315 2309 3

44 2334 187 2394 adeo
218 2327 430 2391 diversa
452 2376 468 2400 ,
503 2350 620 2386 non
646 2325 821 2383 modo
853 2319 1000 2404 apud
1027 2321 1274 2376 auctores
1297 2361 1317 2387 ,

43 2417 142 2478 fed
197 2417 257 2474 in
313 2411 475 2494 ipsius
540 2406 884 2469 orationibus
948 2401 1316 2485 reperiuntur.

46 2499 234 2561 Modo
257 2547 273 2572 ‚
322 2495 606 2555 subtractis
650 2489 1079 2552 candidatorum
1125 2482 1317 2541 nomi-

48 2585 208 2644 nibus
233 2630 250 2657 ,
290 2580 572 2663 originem
599 2573 860 2659 cujusque
886 2622 902 2649 ,
937 2581 993 2633 &
1019 2569 1194 2628 vitam
1213 2613 1230 2639 ,
1259 2573 1317 2624 δε

996 2652 1158 2713 Div

1380 541 1455 585 150.
