1703 3083
356 106 828 178 PRAEFA
875 105 1114 178 TIO.
1257 106 1396 204 xxj

119 226 450 316 ingerunt.
473 220 567 287 At
585 220 728 310 quis
747 269 768 304 ,
792 219 906 284 nisi
926 221 1097 311 prius
1118 223 1178 287 ei
1199 221 1392 294 fuerit

122 315 441 390 malesana
494 310 843 381 oculorum
900 314 1069 380 acies
1101 365 1122 397 ,
1175 314 1393 406 splen..

128 411 452 482 didiorem
503 409 967 502 purioremque
1013 405 1241 497 solqm-
1270 412 1395 481 effe

127 529 439 597 umquam
497 503 753 593 questus
808 503 953 569 est?
1012 502 1230 591 Quis,
1285 507 1399 572 nisi

130 603 336 694 turpis
363 649 383 686 ,
430 594 713 664 fideliori
756 593 1020 689 speculo
1067 596 1401 667 irascitur?

133 694 318 781 Alii,
364 715 674 786 procaces
706 692 977 782 ingenio
1002 742 1024 777 ,
1083 697 1150 758 ὃς
1186 692 1404 760 offen-
1482 756 1489 763 .

134 792 388 860 slonum
411 785 622 873 avidi,
645 786 930 852 historias
961 787 1222 878 argutiis
1252 812 1405 854 acu—

134 884 336 957 leatas
367 935 388 970 ,
442 905 683 948 amaras
737 877 1141 971 malignitate
1169 932 1191 968 ,
1240 880 1408 949 divi*

136 975 513 1050 nationibus
573 974 752 1044 falsas
809 974 1107 1068 scripsere
1139 1028 1161 1062 ,
1213 975 1408 1068 seque

144 1074 372 1141 Taciti
391 1074 748 1139 imitatores
776 1068 1072 1137 audaecer
1095 1070 1239 1138 sunt
1261 1097 1415 1164 pro-2

145 1168 303 1236 feffi.
350 1166 600 1234 Eorum
625 1164 959 1233 audaciam
990 1166 1420 1259 imperitiam-³⁸

150 1286 235 1330 ve
273 1312 296 1348 ‚
351 1286 488 1328 non
549 1262 710 1328 verb
771 1260 1081 1326 Tacitum
1113 1312 1134 1346 ‚
1195 1285 1421 1353 argue,¹

149 1354 445 1449 Vulgare
480 1356 568 1422 est
599 1355 705 1421 sua
737 1355 985 1446 flagitia
1020 1352 1158 1422 aliis
1194 1355 1418 1446 objec-

151 1472 288 1520 tare
334 1501 356 1536 ‚
431 1448 808 1542 magnisque
861 1448 1235 1518 nominibus
1294 1453 1418 1523 sese

151 1547 367 1614 tutari.
423 1544 689 1638 Insuper
731 1567 813 1612 ex
853 1545 1114 1637 optimis
1160 1549 1421 1615 artifici-

152 1639 275 1708 bus
320 1641 544 1731 quavis
588 1659 772 1707 aetate
812 1641 1025 1708 exorti
1066 1641 1424 1712 imitatores

159 1734 429 1828 peffimi.

255 1828 544 1896 CRIMEN
568 1823 872 1894 alterum:
895 1826 1075 1896 malae
1096 1827 1430 1903 latinitatis

163 1923 252 1991 est
300 1923 596 1990 Tacitus.
663 1922 961 1992 Breviter
1005 1923 1247 1995 dietum
1275 1978 1296 2014 ‚
1352 1952 1435 1997 an

165 2017 320 2087 vere
364 2022 386 2085 ἓ
460 2015 774 2085 Tacitum
828 2015 1180 2109 aliquando
1241 2023 1432 2091 nimis

167 2133 435 2181 acutum
459 2162 482 2197 ,
528 2113 717 2178 nimis
753 2113 1086 2181 concisum
1112 2166 1132 2201 ,
1182 2118 1434 2209 ingenii

172 2213 242 2275 &
276 2205 567 2274 sensuum
600 2205 1039 2299 profunditate
1078 2208 1436 2279 subobscu-

173 2325 316 2368 rum
342 2321 720 2391 arguerent,
747 2325 883 2368 non
903 2300 1095 2371 valde
1117 2325 1440 2405 repugna-³

174 2417 312 2462 tem
340 2446 362 2483 ,
413 2417 537 2462 nee
581 2394 812 2464 eadem
855 2396 979 2464 effe
1028 2398 1443 2488 Thucydidis

177 2490 337 2564 {fitia
362 2540 384 2580 ,
439 2510 547 2569 aut
574 2541 596 2582 ‚
652 2511 725 2567 ut
772 2488 1134 2585 loquuntur
1175 2494 1388 2563 Graeci
1416 2516 1442 2586 5
