1676 3105
208 130 319 202 348
406 123 494 182 IN
540 123 851 182 LIBRUM
905 139 1301 182 SECUNDUM

197 222 440 291 quondam
464 222 818 271 celebratiffima.
863 222 922 270 Iis
944 224 1144 282 initiati,
1178 219 1479 268 credebantur

196 288 384 338 adversa
426 292 585 337 omnia
626 290 904 354 propellere.
977 289 1089 336 Inde
1137 287 1444 336 Germanicus
1465 323 1481 346 ‚

195 354 476 420 suspicacem
501 355 677 403 Tiberii
707 358 913 402 animum
947 353 1125 420 semper
1158 356 1323 401 veritus
1344 390 1356 411 ,
1388 353 1479 400 Sa·-

192 422 487 470 -motbracum
505 420 627 469 sacra
645 419 783 468 visere
802 421 1026 468 nitebatur
1041 459 1053 480 ‚
1075 437 1123 468 ut
1141 422 1193 467 iis
1214 420 1483 480 initiaretur,

199 489 418 555 malaque
442 487 521 535 fibi
544 488 833 534 imminentia
863 502 1096 533 averteret.

271 554 425 620 Igitur
453 552 556 600 Ilio.
595 550 718 600 Cum
756 551 1061 600 Germanicus
1095 566 1287 617 propter
1321 549 1483 597 obvios

202 621 469 688 Aquilones
490 618 820 666 Samothracen
840 616 1032 665 insulam
1053 619 1175 665 adire
1195 636 1293 664 non
1313 613 1485 681 posset,

201 687 342 735 Ilium
370 685 576 750 appulit,
607 685 763 751 ibique
789 684 885 732 vifit
916 685 1021 731 loca
1056 685 1215 731 omnia
1240 722 1252 743 ‚
1288 700 1388 749 quae
1413 698 1489 729 va-

206 755 369 800 :tietate
408 752 599 799 fortunae
618 758 661 798 ὃ(
683 753 1003 799 Romanorum
1023 753 1203 816 origine
1226 747 1488 797 veneranda

206 835 353 868 erant.
374 818 420 867 A
435 820 573 866 veteri
589 818 674 864 Ilio
687 816 839 864 XXX
849 816 996 863 stadiis
1014 816 1290 878 disjunctum
1310 831 1486 862 novum

205 885 346 933 Ilium
366 924 378 944 ,
403 901 527 931 nunc
543 883 587 930 Τ
587 901 703 947 rore.
740 882 829 929 His
856 899 1007 930 autem
1027 884 1302 946 perlustratis
1323 920 1336 942 ,
1358 879 1486 928 Ger-

210 953 417 1000 manicus
450 949 607 997 Afiam
638 949 813 1014 relegit.

280 1014 554 1076 Colophona.
618 1016 672 1062 In
711 1009 842 1061 Ionia
878 1013 980 1061 urbs
1023 1012 1282 1077 Colophon
1308 1051 1320 1073 ‚
1363 1026 1487 1059 nunc

210 1081 476 1132 Belvedere.
519 1081 595 1128 De
621 1080 807 1128 fatidico
839 1077 975 1144 specu
1016 1078 1188 1126 Plinius
1217 1079 1290 1138 II,
1317 1096 1358 1142 3.
1395 1075 1493 1125 Co-

211 1148 400 1210 lophone
418 1148 465 1196 in
483 1146 714 1208 Apollinis
737 1145 1036 1210 Clariispecu
1059 1143 1227 1192 lacuna
1254 1144 1340 1210 est,
1362 1144 1491 1207 cujus

209 1228 321 1277 potu
350 1214 467 1263 mira
494 1211 745 1262 redduntur
771 1211 956 1260 oracula
973 1250 988 1273 ,
1021 1209 1269 1260 bibentium
1290 1210 1493 1259 breviore

214 1281 333 1332 witti.

281 1345 510 1407 Delphos.
543 1347 597 1392 In
627 1343 829 1392 Phocide
863 1342 1074 1408 Delphi,
1114 1361 1236 1392 nunc
1259 1341 1428 1406 Caslrz'.

283 1411 466 1462 Mileto.
499 1411 684 1460 Miletus
704 1448 718 1470 ,
754 1412 856 1457 urbs
891 1409 1037 1458 Cariae
1056 1448 1069 1470 ,
1107 1427 1231 1458 nunc
1264 1402 1466 1462 Milaxo.

285 1543 410 1592 CAP.
433 1543 545 1592 LV.
584 1541 706 1589 Areo
729 1539 921 1605 judicio.
959 1540 1142 1593 Judicio
1176 1541 1435 1608 Areopagi.

283 1608 329 1658 C
357 1607 532 1657 cladas.
567 1607 727 1656 Insulae
749 1608 837 1655 illae
864 1624 1038 1655 nomen
1061 1609 1288 1669 retinent,
1312 1610 1376 1657 les
1402 1609 1499 1674 Cy-

217 1627 394 1726 clasis.

285 1739 569 1806 Decurfihus
608 1739 870 1789 cohortium.
934 1740 1191 1805 Campestri
1233 1738 1499 1789 decursione

224 1808 551 1856 exercebantur
570 1808 751 1855 milites.
774 1806 902 1854 Hinc
919 1805 1142 1872 Vegetius
1166 1807 1260 1866 III,
1283 1826 1327 1865 4.
1355 1805 1503 1854 Cam-

213 1873 511 1939 picurfionem
534 1912 548 1930 ,
591 1889 639 1920 nt
677 1872 758 1937 ipst
793 1871 1063 1935 appellant,
1101 1872 1498 1937 inspec'lionemque

219 1956 450 1989 armorum
482 1937 644 2004 czfficlue‘
661 1937 870 2000 faciant.

284 2069 412 2118 CAP.
433 2069 565 2120 LVI.
612 2067 846 2120 Praeverti
876 2066 938 2115 ad
963 2067 1222 2119 Armenios,
1248 2068 1341 2117 Sed
1372 2067 1498 2116 Ger-

221 2137 405 2186 manico
424 2137 660 2184 instantior
689 2152 796 2182 cura
820 2132 904 2182 fuit
934 2134 1059 2199 priris
1086 2135 1210 2182 adire
1231 2134 1500 2182 Armenios.

287 2201 592 2266 Marcimifflue
614 2201 831 2262 imperiis.
852 2200 1063 2248 Armenii
1088 2203 1297 2248 maximis
1319 2201 1505 2249 Roma-

224 2285 392 2318 norum
412 2274 454 2314 δε
471 2268 744 2315 Parthorum
764 2267 966 2329 imperiis
988 2268 1228 2327 interjecti.

292 2332 457 2382 Arnoro
477 2333 682 2384 Vonone.
700 2333 770 2381 Ut
787 2332 958 2379 dierum
976 2333 1035 2384 est
1050 2330 1367 2397 supr1ciA1111al.
1381 2331 1440 2390 ΙΙ,
1457 2345 1504 2379 2.

295 2398 354 2448 In
389 2399 637 2448 Zenonem.
677 2398 944 2446 Polemonis
967 2404 1010 2445 ὅ(
1032 2397 1356 2465 Pythodoridis
1376 2435 1389 2457 ‚
1431 2395 1508 2445 fe-

229 2467 364 2516 minae
394 2464 700 2516 laudatiffimae
731 2464 891 2513 filium.

293 2530 354 2581 In
375 2530 480 2582 urbe
500 2531 754 2586 Artaxatci.
795 2530 1016 2580 Artaxata
1035 2567 1048 2593 ,
1081 2544 1218 2594 caput
1250 2526 1508 2585 Armeniae.
