1655 3100
1522 0 1525 2 ·
1588 0 1641 65 tu

249 118 368 189 '312
457 100 544 164 IN
588 101 940 160 LrnRuM
988 106 1344 154 pniMUM

257 221 412 256 cautus
437 202 656 265 Princeps
680 239 694 260 ,
729 197 1046 247 auetoritatem
1084 189 1260 240 senatus
1291 183 1498 237 obtendit
1513 187 1533 248 ζ

259 289 310 322 ut
341 270 426 319 suae
460 268 676 318 consulat.

324 404 452 454 CAP.
489 398 680 450 XXVI.
735 391 975 443 Mandata
1006 384 1256 439 Clementi.
1310 380 1532 433 Mandata

260 470 351 522 esse
371 468 605 519 Clementi
627 503 640 525 ‚
672 461 930 511 centurioni
946 496 959 519 ,
988 473 1087 523 quae
1107 454 1299 501 nomine
1320 450 1531 498 omnium
1595 479 1614 497 ,-

1577 392 1638 482 ᾗ.

1592 484 1634 567 ἕρ»

261 536 501 606 proferret.

329 599 563 652 Tiberium
603 592 722 644 olim.
776 589 901 640 Cum
938 586 1230 636 Germanicis
1273 578 1534 648 legionibus

266 667 521 737 praeside-ret
545 702 558 724 ‚
597 659 675 709 sub
702 658 911 725 Augusto
942 654 1175 717 Principe.

331 727 775 793 fi-liosfamilinrum.
831 721 974 770 Filios
1038 717 1249 766 nondum
1297 713 1405 776 juris
1468 707 1536 757 sui
1599 753 1619 770 .-

269 814 510 867 compotes
538 834 551 856 ,
586 793 659 842 sed
692 795 742 841 in
776 805 974 839 tutorum
1007 785 1242 850 potestate.

1595 56 1639 112 ἒξ»)

336 931 463 980 CAP.
485 923 698 974 XXVII.
735 919 825 970 Cn.
851 915 1066 967 Lentulo.
1110 916 1187 963 De
1212 914 1308 976 ejus
1332 908 1541 960 laudibus
1606 898 1634 976 {g

272 999 409 1067 plura
435 993 569 1042 habet
595 989 784 1038 Tacitus
807 1024 819 1046 ‚
854 983 1027 1033 Annal.
1045 981 1116 1032 IV
1130 1019 1144 1042 ,
1177 997 1256 1038 44.

299 1132 313 1134 ‘⁷
342 1121 718 1177 CAP.XXVIII.
740 1118 879 1167 Luna
897 1149 910 1166 .
928 1153 939 1166 .
960 1152 970 1162 .
993 1114 1087 1179 visti
1104 1111 1408 1176 languescere.
1426 1105 1546 1154 Haec
1605 1100 1621 1166 'g

274 1193 452 1260 eclipsis
471 1231 483 1253 ‚
518 1190 609 1258 quei
636 1204 730 1236 tota
755 1187 866 1233 luna
897 1180 1132 1231 obscurata
1152 1180 1213 1226 est
1232 1217 1244 1237 ‚
1276 1172 1411 1223 mane
1436 1189 1545 1220 con·
1615 1204 1619 1210 ·

277 1264 380 1329 tigit
421 1259 492 1307 die
532 1274 588 1314 27
625 1251 904 1319 Septembris
933 1288 947 1309 ,
987 1264 1112 1295 anno
1159 1243 1303 1292 Urbis
1351 1237 1545 1290 conditae
1619 1254 1623 1259 ²

278 1340 538 1379 Dccrxvn
560 1362 572 1383 ,
602 1317 904 1374 jesu-Christi
929 1332 1001 1372 14.
1036 1311 1145 1360 Hac
1171 1309 1390 1373 temporis
1422 1303 1548 1356 indi-

279 1396 463 1444 catione
481 1388 596 1437 nihil
621 1386 839 1451 insignius
867 1380 923 1429 ad
941 1375 1201 1427 illustranda
1217 1375 1395 1422 Tiberii
1412 1373 1548 1437 prin-

255 1457 454 1527 -cipatiis
482 1456 611 1504 initia
629 1491 641 1512 ,
677 1447 898 1514 hujusque
927 1444 1157 1494 seditionis
1192 1457 1385 1504 tempus.

319 1528 323 1533 ’
349 1525 439 1572 Pro
459 1516 722 1571 Neronibus
741 1513 788 1563 ὓ·
804 1511 993 1577 Drufis.
1018 1509 1109 1556 Pro
1126 1506 1317 1554 Tiberio
1336 1511 1379 1552 &
1398 1499 1550 1552 Druso
1619 1487 1628 1491 ,

282 1591 463 1641 Tiberii
493 1586 605 1633 filio.

349 1651 586 1720 Noviffimi
615 1648 663 1698 in
689 1644 885 1707 culpam.
933 1643 972 1690 Ii
1011 1639 1198 1708 quidem
1234 1633 1459 1685 noviffimi
1502 1635 1553 1680 in

283 1724 472 1787 culpam
493 1759 504 1781 ‚
542 1721 648 1766 cum
679 1728 783 1761 ante
815 1727 976 1758 eorum
1010 1707 1253 1755 adventum
1277 1704 1366 1765 jam
1401 1715 1555 1764 coepta
1602 1759 1615 1766 ·

287 1789 442 1838 seditio
458 1806 472 1849 3
492 1800 539 1833 ut
556 1783 728 1831 clidium
744 1780 805 1826 est
821 1776 942 1841 Cap.
963 1793 980 1822 1
993 1782 1036 1822 6.
1059 1772 1348 1822 Germanicae
1366 1782 1558 1834 quoque

287 1857 494 1922 legiones
525 1846 927 1898 tumultuabantur.

362 1919 593 1970 Ominum
608 1926 784 1975 portas.
808 1907 937 1972 Quas
957 1904 1221 1954 stationibus
1241 1902 1555 1957 firmaverant3

292 2002 342 2039 ut
370 1985 563 2036 vidimus
591 1979 713 2044 Cap.
744 1991 820 2038 25.

354 2117 485 2167 CAP.
510 2110 701 2163 XXIX.
726 2107 767 2158 E
787 2105 961 2157 cohorte
979 2097 1211 2167 Drzfi.1d
1240 2098 1302 2146 est
1324 2113 1379 2144 ex
1408 2094 1559 2143 comi-

296 2186 412 2238 tibus
436 2190 480 2230 &
501 2181 654 2229 amicis
668 2174 819 2226 Drusi.
837 2171 959 2224 Vide
977 2167 1150 2218 Annal.
1165 2164 1231 2212 III
1250 2203 1262 2224 ,
1287 2180 1338 2226 13
1364 2201 1377 2222 ‚
1396 2160 1493 2220 VI,
1512 2177 1559 2217 9.

368 2248 514 2299 Primi
540 2244 716 2296 ordinis
742 2238 958 2290 centurio.
1004 2235 1145 2282 Primi
1177 2229 1362 2297 quidem
1389 2226 1562 2280 ordinis

302 2318 508 2368 centurio
548 2329 641 2360 erat
679 2309 827 2362 Justus
865 2303 1088 2353 Catonius
1110 2337 1122 2358 ,
1168 2295 1377 2343 nondum
1408 2309 1562 2347 tamen

303 2381 577 2451 primipilus.
627 2377 679 2424 Id
709 2376 832 2423 enim
865 2387 960 2417 non
987 2366 1128 2414 fileret
1154 2362 1357 2410 Tacitus.
1397 2359 1487 2407 Sed
1515 2363 1563 2403 &
1620 2380 1623 2385 ·

306 2454 355 2500 in
387 2450 536 2513 primo
559 2445 768 2492 omnium
799 2437 959 2486 ordine
979 2433 1070 2480 duo
1099 2444 1224 2478 erant
1243 2427 1527 2486 centuriones
1549 2459 1563 2482 ,

299 2514 505 2588 quorum
534 2527 647 2563 unus
682 2505 858 2559 tantum
887 2498 1164 2570 primipilus.

1248 2557 1373 2610 (ΖΑΒ.
1401 2548 1600 2611 XXX&
