1682 3110
207 83 491 178 xxxviij
539 83 624 153 w10
659 84 849 152 ΚΑ]
882 82 1033 151 FA
1078 84 1315 153 Tm.

205 220 379 267 anno
409 216 834 264 MDCLXXXII.
889 195 1151 262 Recusa
1193 197 1282 262 est
1332 195 1481 266 Ve«

206 295 396 364 netiis
434 316 607 359 anno
651 312 985 357 MDCCVII.

301 385 649 455 Theodori
674 386 949 452 RYCKH
967 435 988 472 ,
1013 383 1246 472 Batavi
1268 435 1290 472 ,
1323 383 1476 453 bre-

205 483 389 551 viora
420 532 442 569 ,
495 479 605 548 sed
649 477 923 546 meliora
972 473 1366 570 utilioraque
1413 481 1481 546 in

206 577 521 645 Tacitum
551 573 773 642 studia.
826 573 1138 642 Prodiere
1163 573 1483 666 Lugduni

204 672 603 742 Batavorum
625 694 797 738 anno
818 691 923 736 MD
936 690 1291 736 CLXXXVII.
1315 668 1383 735 N
1391 670 1486 736 iti-

207 767 347 836 dir‘is
369 818 391 853 9
440 763 980 853 commodit'isque
1006 765 1076 830 in
1103 761 1324 831 lucem
1354 764 1480 831 ite-

203 886 347 929 rum
366 859 581 929 emiffa
596 857 904 926 Dublinii
921 880 1207 928 annoMD
1219 877 1487 926 CCXXX.‘

204 954 440 1023 Praesto
481 955 663 1022 fuere
696 975 836 1022 tum
870 975 1177 1048 excerpta
1213 977 1295 1021 ex
1329 951 1483 1020 Mss.

204 1049 431 1141 Regio
487 1056 553 1119 δε
615 1048 1010 1118 Florentino
1059 1099 1082 1136 ,
1154 1069 1297 1115 tum
1351 1045 1482 1114 Ms.

207 1144 422 1213 codex
456 1197 478 1231 ,
527 1145 641 1235 qui
692 1142 855 1212 olim
897 1139 1248 1236 Rudolphi
1288 1141 1488 1233 Agri-

206 1237 372 1309 colae
410 1239 640 1308 fuerat.
702 1239 786 1306 Ei
837 1260 1057 1306 tamen
1108 1235 1255 1330 plus
1297 1259 1486 1327 aequo

203 1331 435 1404 tribuit
486 1335 788 1425 Ryckius
818 1384 841 1422 ,
899 1337 1049 1399 cnm
1099 1330 1213 1400 ille
1271 1330 1486 1399 codex

207 1454 346 1499 non
372 1452 505 1497 tam
533 1451 826 1498 veterem
851 1427 1228 1521 scripturam
1242 1477 1263 1513 ,
1292 1423 1489 1517 quam

207 1525 331 1595 viri
363 1522 601 1592 eruditi
627 1520 1031 1610 conje&uras
1058 1523 1416 1590 contineat.

303 1618 700 1687 Christianus
727 1617 1096 1687 HAUFFms
1131 1667 1152 1704 ,
1204 1615 1491 1684 Germa-

209 1736 330 1781 nus
363 1765 385 1800 ,
443 1712 609 1783 nihil
674 1737 885 1807 operae
942 1716 1010 1780 in
1075 1709 1490 1780 emendando

209 1805 459 1875 Tacito
485 1859 508 1893 ,
562 1809 753 1875 nimis
793 1810 863 1874 in
909 1803 1302 1900 explicando
1347 1803 1491 1872 col-

206 1897 460 1981 locavit
479 1901 708 1990 Lipfiae
732 1926 905 1963 anno
943 1920 1299 1965 MDCCXIV.
1316 1897 1492 1966 Eum

210 1994 388 2062 enim
439 1994 528 2060 ita
578 1991 949 2058 minutatim
1005 1988 1309 2084 explanat
1340 2041 1362 2080 ,
1417 2015 1494 2061 ut

208 2087 529 2159 letiorem
569 2086 802 2180 fatiget
841 2086 1047 2179 magis
1078 2135 1101 2178 ‚
1153 2083 1347 2178 quam
1391 2086 1491 2160 di-

210 2204 399 2277 rigat.

303 2276 594 2350 Jacobus
652 2277 1088 2348 GRONOVIUS
1132 2294 1155 2361 ,“
1214 2272 1488 2346 Joannis

211 2371 546 2444 Frederici
560 2371 754 2460 filius,
773 2395 1103 2468 paternam
1126 2368 1488 2439 editionem
1580 2374 1615 2418 1
1644 2355 1646 2357 ’

211 2491 365 2542 cum
402 2467 554 2541 Mff.
584 2466 986 2542 Florentinis
1026 2466 1432 2559 recognitam
1459 2515 1485 2557 3,
