1682 3110
174 122 295 194 xiv
441 121 724 196 PRAE
760 124 910 197 FA
956 124 1195 198 TIO.

175 236 496 329 supremas
535 236 862 307 clarorum
897 241 1188 307 virorum
1228 240 1452 310 neces?-

176 331 390 400 fitates
414 384 435 419 ,
478 334 807 427 ipsamque
837 336 1280 405 neceffitatem
1309 338 1451 404 for-

176 427 329 495 titer
359 426 702 497 toleratam
738 430 1158 521 cognoscere.
1231 431 1302 497 N
1307 457 1453 498 um-

176 545 372 613 quam
411 525 588 591 enirn
628 523 970 592 illustriora
1002 525 1148 594 sunt
1193 529 1454 596 virtutis

179 621 577 708 certamina,
624 618 818 712 quarn
857 623 1008 688 cum
1052 620 1268 689 durius
1308 646 1456 715 pre-

179 714 424 793 mitur3
484 720 551 782 &t
586 767 607 802 ,
656 738 730 784 ut
774 718 943 784 inter
998 719 1454 810 tempestatum

180 807 442 876 horrida
468 813 747 879 acriores
780 813 1064 879 emicant
1093 813 1277 903 ignes
1306 866 1327 899 ,
1369 814 1457 881 fic

181 902 352 970 inter
398 926 775 998 temporum
819 907 953 974 fera
997 906 1282 974 vividior
1326 933 1455 1001 pu-

181 998 446 1089 riorque
480 1000 762 1093 exsurgit
794 1003 1019 1069 Virtus·

275 1092 467 1162 POST
507 1098 675 1163 hanc
711 1095 1145 1163 Historiarum
1190 1120 1410 1163 curam
1435 1145 1462 1184 ,

182 1187 461 1257 Tacitus
492 1191 883 1285 superiorem
919 1192 1174 1285 imperii
1206 1215 1461 1259 memo-

181 1284 343 1351 riam
388 1285 767 1354 narrandam
812 1285 1132 1379 suscepit3
1179 1309 1458 1378 eamque

179 1402 220 1446 a
286 1378 543 1450 Tiberii
598 1383 964 1476 principatu
1023 1381 1102 1449 ad
1162 1381 1457 1449 Neronis

182 1475 438 1543 exitum
513 1480 582 1545 in
651 1475 1020 1544 Annalibus
1088 1474 1463 1558 conclufit3

183 1571 452 1666 pressior
473 1626 494 1659 ‚
544 1574 753 1640 acrior
780 1623 800 1659 ,
842 1571 1174 1640 sententiis
1205 1624 1227 1659 ,
1267 1568 1464 1664 quam

182 1664 401 1733 verbis
424 1665 858 1735 abundantior
882 1694 894 1733 :
933 1669 1270 1761 praeceptis
1290 1664 1465 1760 poli-

182 1761 330 1829 ticae
373 1765 522 1829 artis
563 1764 652 1830 ita
691 1760 990 1855 locuples
1017 1813 1040 1848 ,
1088 1784 1163 1829 ut
1188 1813 1210 1848 ‚
1257 1764 1300 1828 fi
1342 1764 1466 1830 hos

182 1857 440 1923 tantum
472 1853 833 1924 Annalium
874 1854 1076 1922 libros
1114 1854 1410 1925 edidisset
1444 1907 1471 1946 ,

181 1948 565 2045 Principum
633 1952 1169 2045 privatorumque
1239 1952 1463 2020 homi-

183 2069 369 2133 num,
388 2049 499 2139 qui
523 2047 603 2115 ad
620 2044 1092 2140 rempublicam
1111 2045 1466 2137 acceduntj

181 2163 544 2236 praeceptor
576 2142 939 2234 do&orque
964 2138 1308 2211 haberetur
1336 2168 1349 2207 :
1393 2145 1464 2210 in

183 2238 318 2306 hoc
363 2237 683 2309 scribendi
718 2261 958 2330 genere
991 2238 1233 2330 primus
1276 2234 1462 2305 simul

184 2338 258 2401 ὃζ
318 2333 620 2404 summus.
713 2334 892 2402 Inter
949 2335 1085 2400 haec
1139 2332 1461 2425 sapientiae

182 2426 456 2497 confilia
491 2481 513 2517 ,
568 2438 635 2499 ὅ(
671 2426 1038 2498 incredibili
1074 2429 1309 2495 mentis
1345 2452 1461 2495 ca-

187 2526 471 2619 pacitate
496 2576 520 2615 ,
569 2526 951 2597 cautissimas
993 2521 1252 2595 Tiberii
1294 2545 1462 2593 artes
