1682 3110
200 107 326 206 viij
469 109 941 186 PRAEFA
984 116 1224 188 TIO.

209 223 385 290 enim
422 226 656 317 privati
699 228 979 296 hominis
1021 230 1273 322 fastigio
1310 230 1485 300 Ver-

207 318 423 410 ginius
472 319 709 403 morbo
762 346 1096 417 correptus
1148 326 1278 392 est:
1333 325 1487 394 dein·

203 408 431 505 paullo
454 415 597 508 post
621 417 993 505 exstinffius,
1019 423 1170 485 curn
1191 419 1487 487 excessis-

204 507 300 575 set
330 532 572 574 annum
596 511 861 577 tertium
889 519 956 579 &
982 514 1490 604 o&oges1n1um;

208 603 455 670 cunctis
490 602 762 670 fortunae
800 612 867 674 ὅ(
894 608 1209 674 virtutum
1235 609 1490 698 experi-

206 698 444 765 mentis
494 695 570 764 ab
620 701 896 791 Augusti
942 701 1199 769 excessu
1237 700 1316 767 ad
1355 703 1493 768 haec

208 791 411 882 usque
438 792 677 859 Nervae
706 816 1002 888 tempora
1031 793 1360 889 probatus,
1397 795 1494 863 Ut

214 884 353 975 ejus
398 888 544 953 vitae
569 939 589 973 ,
639 890 728 956 ita
769 896 836 957 &
868 895 1065 958 morti
1103 893 1334 982 ingens
1367 891 1495 957 cir-

216 980 522 1049 cumdata
555 984 642 1049 est
676 981 903 1075 gloria.
954 985 1247 1052 Du&u1n
1271 982 1495 1078 publi-

216 1102 370 1145 cum
399 1076 626 1157 funu83
661 1085 727 1145 ὃ(
749 1079 1103 1170 Verginius
1121 1132 1141 1164 ,
1170 1105 1203 1144 a
1229 1076 1496 1147 consule

221 1170 544 1239 Cornelio
580 1173 824 1239 Tacito
859 1198 976 1266 pro
1013 1175 1222 1240 rostris
1267 1171 1496 1239 lauda-

216 1287 322 1334 tus
350 1321 374 1345 ,
418 1266 782 1359 supremum
811 1270 985 1334 hunc
1016 1266 1342 1334 felicitatis
1383 1292 1500 1333 cu-

219 1358 474 1428 mulum
524 1367 778 1455 accepit
813 1415 832 1447 ‚
890 1360 1297 1429 laudatorem
1349 1360 1498 1429 elo-

223 1456 710 1547 quentissimum
750 1466 789 1525 ¹.
1421 1528 1427 1532 ,

316 1553 428 1617 AT
456 1555 733 1618 maxima
756 1552 943 1640 hujus
967 1550 1336 1621 consulatus
1358 1548 1497 1619 laus

220 1644 347 1712 fuit
377 1644 645 1733 Trajani
679 1647 948 1739 adoptio
977 1700 998 1733 ,
1045 1645 1172 1738 qua
1199 1647 1502 1714 securitas

225 1737 528 1834 publica,
566 1739 652 1806 ob
683 1740 950 1808 senilem
978 1742 1049 1807 N
1055 1766 1218 1809 ervae
1252 1763 1505 1808 aetatem

229 1833 528 1900 nondum
567 1835 748 1900 firma
775 1886 796 1921 >
855 1833 1051 1902 robur
1093 1834 1430 1923 adsumpsit
1458 1841 1505 1901 ².

147 1929 151 1934 ’
234 1927 410 1996 Cum
474 1929 803 1997 ferverent
868 1926 1244 1998 exsultantis
1316 1926 1514 1995 Urbis

235 2022 474 2115 gaudia
515 2077 535 2109 ,
605 2023 881 2092 Tacitus
939 2024 1144 2091 soceri
1197 2022 1289 2089 sui
1350 2021 1514 2094 Julii

236 2116 567 2207 Agricolae
621 2170 641 2205 ,
718 2122 830 2209 qui
900 2120 1067 2186 hanc
1143 2140 1515 2210 temporum

239 2211 620 2281 felicitatem
685 2215 958 2305 augurio
1022 2212 1321 2301 votisque
1380 2233 1516 2280 erat

244 2309 566 2376 ominatus
590 2315 635 2394 ³,
667 2310 868 2375 vitam
898 2306 1264 2401 composuit
1291 2330 1309 2385 3
1338 2308 1517 2400 prio-

313 2458 327 2480 ¹
351 2455 470 2503 Plin.
492 2455 726 2521 Epist.11‚
763 2477 800 2510 1,
987 2466 1002 2501 3
1029 2455 1144 2504 Tac.
1166 2457 1214 2503 in
1241 2454 1399 2504 eadem
1419 2454 1521 2509 Via,

312 2522 334 2546 ’-
359 2521 849 2591 Tac-Vit.Ag.cap.3.
918 2523 1084 2591 Agric.
1106 2539 1207 2587 cap·
1229 2539 1305 2581 44.
