1655 3088
29 470 222 532 'amam
242 519 260 544 ,
296 495 389 532 aut
422 477 809 556 praeveniebat.

93 557 218 615 XL.
232 557 656 619 VULGABATUR
673 561 902 621 interim
917 586 1015 645 per
1032 566 1276 645 Italiam,

70 634 346 698 servatum
396 664 629 703 munere
674 645 846 704 desim
879 646 1192 733 Agrippam
1215 678 1278 733 223

45 721 342 782 sedebatur
375 724 572 784 Romae
609 752 621 784 :
659 735 887 810 jamque
931 733 1152 794 Ostiam
1189 739 1280 796 in-

51 809 236 864 edtum
267 807 574 868 multitudo
610 811 809 894 ingens
834 861 849 885 ,
888 821 1004 894 jam
1032 817 1091 876 in
1118 821 1281 882 Urbe

45 886 335 948 landestini
375 913 546 951 coetus
581 894 977 957 celebrabant:
1017 900 1145 960 cum
1172 906 1275 964 Ti-.

53 971 230 1030 etium
255 997 452 1057 anceps
481 999 610 1036 cura
634 978 932 1040 distrahere
957 1029 973 1053 ,
1012 985 1140 1045 vine
1173 989 1279 1048 mi·-

33 1053 175 1113 itum
198 1054 418 1116 servum
439 1058 599 1119 suum
620 1084 930 1136 coerceret,
957 1089 1026 1125 an
1047 1069 1278 1134 inanem

45 1410 72 1446 c
97 1388 277 1448 mersis
308 1394 614 1475 reputabat.
661 1399 946 1459 Postremo
978 1402 1075 1462 dat
1103 1429 1278 1490 nego-

36 1471 154 1530 ium
199 1473 448 1535 Sallustio
490 1478 729 1560 Crispo:
781 1482 878 1544 ille
916 1507 946 1543 e
978 1485 1276 1556 clientibus

52 1578 148 1614 uos
212 1559 483 1639 (quidam
535 1564 742 1623 milites
800 1565 958 1627 fuisse
1010 1574 1278 1656 tradunt)

51 1638 247 1722 eligit,
301 1664 467 1724 atque
513 1645 802 1721 hortatur,
845 1651 1098 1713 simulata
1140 1683 1278 1720 con-

33 1722 235 1782 cientia
254 1725 456 1786 adeant
468 1775 484 1799 ,
501 1728 740 1790 offerant
752 1736 1049 1814 pecuniam
1066 1787 1082 1810 ,
1099 1740 1278 1807 fidem

45 1810 442 1947 tque-[pericula
463 1812 848 1892 polliceantur.
892 1818 1276 1901 Exsequuntur

198 1913 230 1949 u

53 2222 226 2284 faetus
243 2224 374 2286 esset
391 2233 455 2288 22?
477 2229 812 2313 respondiffe
834 2233 1040 2311 fertur,
1069 2270 1100 2292 oc
1118 2247 1278 2320 Quo-

56 2309 230 2368 modo
274 2331 335 2369 tu
379 2311 560 2371 Caesar
579 2345 636 2374 σο.
693 2320 777 2376 Ut
821 2321 1014 2381 ederet
1056 2323 1233 2390 socios
1253 2380 1273 2407 ‚

37 2391 188 2475 ubigi
215 2417 330 2452 non
358 2398 540 2478 potuit
568 2423 579 2456 :
613 2422 716 2458 nec
752 2403 1014 2465 Tiberius
1046 2430 1275 2490 poenam

46 2481 126 2557 jus
161 2477 345 2559 palam
370 2478 560 2558 ausus;
596 2483 654 2539 in
678 2482 882 2546 secreta
906 2489 1096 2571 palatii
1158 2520 1272 2560 arte

77 2561 251 2623 terfici
284 2564 462 2645 justit,
498 2566 803 2652 corpusque
843 2571 989 2633 clam
1030 2518 1275 2649 aufferri*⁸

239 124 1046 193 ANNALIUMLIB.II.
1164 152 1295 215 117³

45 218 178 306 spici
199 269 217 295 ,
252 245 434 304 neque
471 223 680 284 diutius
716 223 918 287 iisdem
959 231 1133 292 locis:
1176 236 1273 297 sed
1297 254 1497 295 Ξ

8 305 15 315 ’
56 306 144 366 uia
175 306 371 365 veritas
398 305 515 365 visu
555 317 612 369 δε
652 310 841 384 mora,
879 311 1012 373 falsa
1051 314 1274 379 festina-
1298 311 1346 349 A·
1370 314 1416 351 U·
1440 314 1495 359 C·

35 392 166 448 fone
208 397 265 450 δε
303 390 527 450 incertis
568 391 886 470 valescunt,
925 398 1278 481 relinquebat
1338 384 1396 495 ξε

1400 394 1449 431 9.

1407 459 1459 498 C.

1366 529 1443 582 16,
