1655 3088
403 166 859 210 ANNALIUM
912 144 969 205 Ν
996 169 1031 205 o
1060 167 1186 208 TAE.
1318 170 1436 226 379

231 247 358 300 CAP.
379 246 564 296 LXXI.
591 242 698 292 Tali
723 260 1013 309 cognomento
1039 262 1153 293 erar.
1180 244 1306 312 Ergo
1328 264 1438 296 tunc

167 313 362 363 dirutum
422 312 643 375 templum
697 306 910 357 Fortunae
946 308 1173 376 Equestris
1216 330 1242 359 a
1273 311 1440 361 Fulvio

166 378 336 429 Flacco
369 378 479 425 olim
518 374 799 439 inauspicato
834 374 1008 422 facium
1028 414 1040 435 ,
1078 376 1134 422 de
1165 395 1258 442 quo
1279 377 1439 428 Livius

165 441 262 494 XL
282 483 294 504 ‚
322 463 398 503 40.
436 441 540 490 Fuit
573 444 622 488 in
653 441 779 488 nona
812 441 955 489 Urbis
988 439 1212 508 regione3
1247 446 1404 506 postea
1425 480 1439 503 ‚

166 526 216 558 ut
242 510 413 557 videtur
441 547 453 569 ‚
496 510 545 555 in
590 506 776 570 septima
816 513 1007 573 regione
1046 509 1333 555 exstru&um.
1366 510 1443 557 Sic

167 579 294 624 enim
313 575 363 622 Ρ.
386 574 553 623 Victor
573 592 583 619 ε
615 575 664 620 in
681 571 776 621 VII
799 576 991 640 regione
1011 611 1024 634 ,
1052 573 1259 634 templum
1280 590 1446 622 novum

167 639 401 690 Fortunae.
444 641 498 687 In
517 640 642 686 nona
663 676 674 697 ,
695 637 909 686 Fortunoe
941 638 1170 705 Equestris
1195 654 1342 689 vetus.

233 704 371 767 Apud
390 706 600 756 Antium.
623 703 764 753 Nunc
785 702 912 765 Capo
929 701 1138 770 ἀἈηῖος
1161 705 1237 753 ubi
1255 718 1448 756 manent

172 773 333 838 templi
367 771 544 820 rudera.

235 902 358 951 CAP.
396 899 602 949 LXXII.
661 897 906 964 Bafilicam
958 899 1133 953 Paulli.
1192 902 1248 950 In
1285 899 1449 953 octava

168 968 314 1017 Urbis
335 969 524 1034 regione
547 964 630 1013 fuit
642 963 893 1031 magnifica
911 964 1058 1015 Paulli
1077 966 1257 1017 basilica
1274 1008 1286 1029 ,
1307 987 1449 1036 quam

169 1033 391 1083 columnis
434 1050 456 1081 e
490 1029 752 1096 Phrygibus
788 1030 1039 1080 mirabilem
1076 1033 1231 1082 laudat
1272 1034 1447 1083 Plinius

169 1097 397 1148 XXXVI
418 1137 429 1158 ‚
458 1113 530 1156 15.
560 1096 851 1145 Basilicarum
878 1095 975 1145 usus
1000 1115 1096 1147 tum
1119 1114 1213 1147 erat
1236 1100 1293 1148 ad
1317 1118 1451 1149 exer-

169 1166 317 1214 tenda
340 1164 510 1228 judicia
533 1201 545 1222 ‚
585 1169 628 1209 &
664 1165 1007 1230 negotiatorum
1044 1182 1448 1234 mercatorumque

169 1247 424 1281 conventus
456 1228 761 1297 peragendos.
952 1271 957 1274 .

234 1297 454 1347 Taurum.
472 1297 672 1345 Statilius
688 1294 869 1344 Taurus
888 1296 1301 1361 amphitheatrum,
1323 1296 1450 1346 Mar·-

172 1364 265 1413 cius
301 1363 541 1428 Philippus
581 1361 722 1409 aedem
758 1360 975 1410 Herculis
1012 1362 1275 1424 Musarum,
1319 1364 1449 1412 Cor-

168 1431 317 1479 nelius
352 1429 519 1478 Balbus
552 1426 774 1475 theatrum
809 1429 1129 1479 exstruxerant.
1172 1430 1296 1481 Vide
1331 1430 1451 1479 Sue-

172 1498 351 1545 tonium
385 1498 433 1544 in
456 1494 583 1559 Aug.
607 1494 728 1558 Cap.
752 1512 775 1540 2
782 1510 830 1549 9.

239 1560 378 1622 Apud
407 1559 656 1610 Theatrum
687 1557 914 1621 Pompeii.
956 1560 1011 1608 In
1044 1562 1171 1612 nona
1198 1560 1341 1611 Urbis
1371 1571 1456 1611 re-e'

175 1643 338 1695 grone.

236 1754 364 1806 Cn.
384 1752 615 1804 LXXIII.
637 1750 875 1814 Triumphi
894 1752 1167 1822 instgnibuS.
1192 1755 1269 1807 De
1289 1755 1457 1826 quibus

177 1823 372 1874 diximus
401 1818 532 1887 supra
551 1858 564 1880 ,
597 1818 774 1867 Annal.
798 1820 820 1866 I
840 1858 853 1880 ‚
888 1839 967 1877 72.

239 1889 318 1938 Ne
349 1889 588 1948 Spartaco.
623 1885 866 1948 Spartacus
889 1924 901 1945 ‚
935 1888 1195 1936 OEnomaus
1220 1892 1263 1934 &
1287 1887 1457 1938 Crixus

176 1953 331 2004 scrvile
363 1953 533 2002 bellum
572 1952 622 1998 in
656 1952 789 2000 Italia
830 1954 1117 2002 concitarunt
1147 1971 1273 2002 anno
1310 1955 1456 2004 Urbis

178 2020 374 2070 conditae
413 2033 674 2068 Dctxxxn

245 2151 372 2200 CAp.
406 2147 641 2198 LXXIV.
680 2146 791 2213 Qud
821 2146 1047 2208 praedatio
1077 2145 1124 2195 in
1162 2146 1456 2208 Leptitanos,

177 2215 295 2266 Tria
326 2218 646 2267 Romanorum
671 2216 859 2281 agmina
888 2215 950 2262 ita
981 2211 1192 2278 disposita
1223 2213 1349 2264 fuiffe
1382 2220 1458 2265 vi·-

181 2283 343 2332 dentur
363 2322 376 2344 ,
414 2297 463 2329 ut
498 2280 744 2329 Cornelius
780 2282 939 2346 Scipio
972 2281 1020 2327 in
1053 2280 1311 2347 Byzacena·
1332 2282 1458 2331 haud

182 2350 345 2415 procul
379 2366 407 2396 a
437 2346 634 2395 Tritone
669 2365 805 2396 amne
830 2353 873 2394 ὃ(
900 2345 1096 2412 palude,
1127 2345 1168 2394 le
1197 2346 1270 2396 lac
1293 2347 1458 2397 Ellou-

183 2414 299 2463 dealt
318 2455 332 2472 ‚
355 2431 503 2479 prope
522 2415 678 2480 Syrtin
700 2416 930 2462 minorem
947 2452 959 2472 ‚
991 2411 1031 2461 Ze
1046 2411 1167 2478 golfe
1194 2411 1247 2461 de
1270 2413 1452 2474 Cabes,

186 2481 418 2549 praeesset,
448 2497 506 2526 ne
523 2479 795 2544 Leptitanos
823 2481 939 2527 inter
964 2481 1193 2527 minorem
1212 2482 1458 2541 majorem<

184 2548 277 2619 que
315 2544 468 2614 Syrtin
504 2546 675 2613 positos
696 2584 710 2610 ,
744 2544 1013 2597 Tacfarinas
1043 2545 1368 2612 praedaretur&
1409 2552 1457 2595 ὃς
