1655 3088
249 183 598 230 vna-nmini
644 159 1162 221 Sento-sonum.
1280 165 1375 244 xcj'

100 261 287 316 Finem
310 255 434 326 ergo
455 258 673 312 faciam:
703 274 867 309 unum
887 257 1130 323 adjiciam
1146 298 1162 321 ‚
1190 260 1373 313 omnia

96 344 182 380 me
204 365 219 388 ,
259 327 454 393 quibus
485 324 828 377 interfueram
853 362 869 385 ‚
916 341 1132 390 quaeque
1165 325 1329 375 statim
1351 363 1369 386 ,

96 399 219 444 cum
237 391 463 443 maxime
482 408 607 442 vera
625 403 985 442 memorantur
998 428 1012 449 ‚
1034 388 1334 441 audiveram
1350 431 1369 452 ‚

97 465 221 510 vere
268 458 591 524 persecutum
626 474 639 506 :
698 469 755 507 tu
804 456 1062 521 potissima
1109 473 1368 520 excerpes.

92 524 254 574 'Aliud
285 525 353 575 est
387 523 529 575 enim
558 521 826 588 epistolam
847 561 862 583 ‚
900 522 1046 579 aliud
1073 519 1368 584 historiam;

95 589 236 644 aliud
259 590 431 643 amico
453 627 470 652 ‚
502 589 647 641 aliud
675 588 920 641 omnibus
946 588 1184 641 scribere.
1219 588 1367 642 Vale·

358 743 610 800 LIBR.
667 742 768 800 VI.
830 742 941 796 ΕΡ.
988 757 1109 801 XX.

149 866 385 927 Primus
431 865 757 924 ConNruo
804 864 1048 923 TAcno
1102 884 1210 922 suo
1258 867 1310 921 S.

156 989 250 1038 Als
289 1005 349 1038 ΤΕ
389 987 667 1039 adductum
711 984 873 1038 literis
906 1024 921 1047 ‚
969 1003 1092 1052 quas
1134 984 1371 1051 exigenti

95 1053 194 1106 tibi
231 1055 294 1104 de
326 1067 496 1105 morte
528 1053 776 1105 avunculi
805 1051 911 1102 mei
940 1051 1109 1116 scripsi
1131 1092 1144 1112 ‚
1181 1070 1371 1117 cupere

93 1120 409 1185 cognoscere
434 1139 465 1178 ,⁷
495 1137 626 1184 quos
659 1135 758 1185 ego
794 1117 981 1168 Miseni
1020 1118 1221 1169 relictus
1266 1117 1367 1178 (id

95 1187 239 1237 enim
256 1185 497 1251 ingressus
512 1185 844 1250 abruperam)
869 1201 980 1235 non
995 1184 1164 1236 solum
1180 1196 1368 1246 metus,

94 1255 277 1302 ver‘um
320 1251 476 1302 etiam
516 1251 653 1301 casus
688 1249 1009 1316 pertulerim.
1075 1250 1369 1316 Quamquam

94 1318 273 1366 animus
298 1316 538 1381 meminzsse
566 1316 717 1365 horret
737 1353 748 1364 .
774 1353 786 1364 .
811 1352 821 1363 .
845 1315 1079 1376 incipiam,
1129 1316 1368 1367 Profecto

90 1384 353 1449 avunculo
393 1421 405 1443 ‚
463 1381 566 1444 ipse
626 1381 888 1446 reliquum
939 1394 1143 1445 tempus
1191 1381 1368 1432 studiis

93 1455 114 1510 (
135 1449 258 1500 ideo
303 1448 446 1500 enim
489 1444 1200 1512 remanseram)-impendi:
1240 1464 1373 1498 mox

87 1515 356 1566 balineum
374 1553 387 1575 ,
408 1530 558 1575 cena,
580 1513 789 1565 somnus
807 1512 1074 1577 inquietus
1096 1513 1154 1565 ὅτ,
1172 1513 1367 1564 brevis.

92 1582 408 1633 Praecesserat
452 1597 542 1644 per
582 1578 932 1630 multos.dies
978 1591 1179 1630 tremor
1222 1592 1373 1630 terrae

90 1647 262 1698 minus
278 1645 655 1698 formidolosus
672 1683 688 1704 ,
706 1643 829 1710 quia
842 1644 1138 1708 Campaniae
1154 1643 1333 1696 solitus
1349 1663 1368 1695 τ

85 1713 186 1776 ‚illa
209 1716 336 1765 vero
363 1716 517 1763 nocte
546 1710 622 1761 ita
641 1709 866 1760 invaluit
885 1747 902 1767 ‚
941 1722 1000 1760 ut
1024 1726 1138 1761 non
1158 1710 1368 1762 moveri

93 1778 275 1831 omnia
296 1817 310 1837 ,
347 1778 433 1828 sed
454 1776 589 1828 verti
612 1776 961 1826 crederentur.
1003 1775 1248 1841 Irrumpit
1279 1795 1367 1828 cu-

89 1845 326 1896 biculum
363 1858 538 1893 meum
567 1854 766 1891 mater:
802 1839 1071 1904 surgebam
1092 1841 1325 1893 invicem
1345 1852 1370 1904 g

89 1911 128 1962 fi
147 1910 435 1976 quiesceret
450 1948 465 1970 ,
502 1906 836 1958 excitaturus,
864 1904 1152 1958 Residimus
1175 1907 1231 1958 in
1250 1908 1370 1960 arei

46 2024 50 2027 .
91 1976 279 2028 domus
330 1993 442 2041 quae
485 1990 624 2024 mare
666 1991 695 2024 a
733 1971 879 2023 tectis
930 1973 1149 2025 modico
1199 1974 1369 2040 spatio

91 2042 383 2093 dividebat.
450 2039 654 2091 Dubito
692 2037 1052 2090 constantiam,
1077 2057 1267 2091 vocare
1303 2057 1373 2092 an

91 2106 500 2174 imprudentiam
528 2106 785 2156 debeam:
816 2106 1034 2169 agebam
1064 2106 1207 2157 enim
1241 2107 1371 2158 duo—

92 2173 466 2226 devicesimum
511 2188 727 2223 annum.
797 2171 963 2222 Posco
1013 2171 1207 2223 librum
1255 2172 1373 2224 Titi

2 2263 8 2267 ·
33 2306 35 2308 q
91 2240 269 2303 Livii,
294 2241 350 2292 ὃς
366 2236 506 2305 quafi
523 2256 612 2303 per
635 2237 806 2290 otium
828 2237 948 2303 lego
966 2276 980 2299 ‚
1002 2251 1158 2304 atque
1179 2240 1337 2291 etiam
1354 2276 1372 2299 ‚

91 2321 150 2360 ut
176 2323 433 2372 coeperam
462 2344 477 2366 ‚
517 2322 763 2369 excerpo.
819 2305 953 2354 Ecce
980 2305 1174 2355 amicus
1205 2323 1373 2356 avun-

93 2372 235 2434 culi,
279 2372 370 2438 qui
400 2387 564 2434 nuper
590 2371 656 2421 ad
687 2386 806 2421 eum
837 2387 902 2420 ex
930 2369 1176 2435 Hispania
1209 2389 1376 2423 vene-

93 2452 170 2490 rat
196 2476 210 2498 ,
257 2452 314 2489 ut
347 2455 432 2490 me
463 2438 520 2489 ὃς
555 2450 776 2488 matrem
814 2436 1046 2487 sedentes
1070 2475 1084 2497 ,
1126 2454 1211 2487 me
1243 2440 1376 2490 vero

94 2504 256 2556 etiam
300 2504 564 2569 legentem
606 2502 755 2553 videt
779 2540 794 2561 ‚
843 2501 984 2552 illius
1025 2502 1330 2565 patientiam
1356 2541 1375 2563 ‚

92 2569 420 2622 securitatem
457 2585 632 2620 meam
667 2566 924 2630 corripit:
966 2567 1135 2620 nihilo
1169 2568 1371 2635 segnius

90 2653 193 2704 ego
247 2636 479 2692 intentus
535 2635 595 2688 in
650 2634 862 2694 librum.
934 2636 1049 2689 Jam
1093 2633 1225 2687 hora
1265 2633 1378 2697 diei
