1655 3088
185 171 720 226 ,ANNALIUM
779 150 942 210 L113.
989 152 1064 211 11.
1208 157 1281 228 89

22 277 184 320 :ntem
204 303 220 330 ,
256 251 535 335 equosque
551 299 567 322 ,
593 272 688 332 per
707 271 804 306 ora
825 257 883 308 ὃ(
905 248 1088 308 alveos
1105 250 1288 308 flumi-

22 364 204 401 sonum
236 335 423 396 media
450 337 508 392 in
533 330 838 392 Germania
860 329 980 391 fore
1004 361 1062 390 α).

100 425 203 484 VI.
225 425 442 480 Ion-tm
463 419 568 476 huc
593 416 865 475 intendit:
888 414 1053 473 miffis
1070 412 1141 471 ad
1159 436 1285 472 cen-

20 505 103 568 sus
131 504 441 565 Galliarum
462 550 477 573 ‚
518 505 576 559 Ρ.
598 500 838 561 Vitellio
878 508 935 559 &
973 500 1044 557 C.
1065 496 1242 556 Antio
1265 521 1282 574 3

20 590 178 651 Silius
196 636 212 660 ‚
239 597 296 648 &
319 586 557 646 Anteius
579 632 595 656 ‚
623 593 680 644 ὃς
704 583 929 642 Caecina
952 579 1286 640 fabricandae

20 672 161 747 elafii
186 690 597 755 praeponuntur,
646 667 816 726 Mille
843 688 1008 724 naves
1038 661 1286 723 sufficere

17 755 138 816 visae
161 804 177 828 ‚
202 774 613 838 properataeque
641 777 653 809 z
680 750 795 808 aliae
819 749 1041 821 breve3‚
1063 746 1287 829 angusta

17 840 186 924 puppi
213 835 482 921 proraque
508 883 523 906 ,
563 843 619 893 &
646 834 758 892 lato
780 854 940 892 utero
960 881 976 904 ,
1014 834 1127 912 quo
1149 829 1288 888 faci-

16 922 120 982 lius
166 922 357 979 fluibus
403 918 707 978 tolerarent
738 942 750 975 z
809 916 1064 998 quaedam
1112 914 1286 998 planae

18 1006 211 1066 carinis
235 1053 251 1076 ‚
296 1024 356 1062 ut
405 1002 514 1061 fine
558 999 700 1060 noxa
734 1000 973 1060 fiderent
1005 1025 1017 1057 z
1063 1000 1286 1081 plure8‚

18 1088 275 1173 adpofitis
325 1089 610 1168 utrimque
663 1084 1047 1169 gubernaculis
1084 1131 1101 1156 ‚
1147 1107 1286 1142 con-

15 1171 170 1235 verso
196 1195 255 1232 ut
282 1173 508 1254 repente
535 1170 774 1252 remigio
798 1217 814 1241 ‚
856 1169 982 1226 hinc
1012 1166 1100 1227 vel
1128 1166 1283 1226 illinc

15 1257 362 1341 adpellerent
383 1281 394 1313 :
418 1253 604 1313 multae
626 1253 888 1336 pontibus
906 1254 1073 1310 stratae
1090 1299 1106 1323 ‚
1124 1250 1287 1334 super

13 1365 148 1422 quas
201 1360 483 1399 tormenta
528 1338 863 1396 veherentur
881 1384 901 1407 ,
944 1334 1106 1393 fimul
1148 1355 1283 1417 aptae

12 1423 257 1484 ferendis
294 1423 448 1503 equis
474 1441 567 1479 aut
600 1419 984 1490 commeatui,
1016 1417 1153 1478 velis
1182 1419 1283 1477 ha-

13 1507 152 1567 biles
176 1556 193 1580 ,
230 1507 347 1565 citae
385 1504 552 1565 remis
573 1551 590 1576 ,
631 1503 975 1585 augebantur
1000 1501 1285 1563 alacritate

12 1591 264 1673 militum
298 1590 357 1646 in
386 1588 630 1671 speciem
658 1611 718 1645 ac
749 1608 1042 1646 terrorem.
1098 1585 1284 1646 Insula

11 1677 351 1738 Batavorum
374 1673 432 1730 in
461 1694 632 1752 quam
667 1671 1032 1730 convenirent
1058 1670 1286 1751 praedic-

14 1777 109 1830 ta,
144 1759 220 1816 ob
266 1755 456 1815 faciles
500 1752 754 1836 adpulsus
779 1802 795 1826 ‚
835 1752 1282 1837 accipiendisque

13 1841 185 1924 copiis
218 1887 234 1912 ‚
289 1848 346 1898 &
395 1837 889 1897 transmittendum
945 1838 1015 1896 ad
1064 1837 1281 1897 bellum

12 1944 340 2008 opportuna.
385 1923 535 1980 Nam
559 1921 789 1980 Rhenus
817 1944 930 1979 uno
956 1920 1115 1981 alveo
1143 1946 1280 1980 con-

13 2009 196 2069 tinuus
220 2055 237 2079 ‚
283 2025 375 2063 aut
421 2003 669 2062 modicas
718 2004 917 2063 insulas
967 2005 1281 2065 circumve-

10 2093 169 2151 niens
188 2139 210 2163 ,
226 2087 373 2171 apud
389 2088 724 2170 principium
747 2090 864 2170 agri
883 2090 1106 2161 Batavi,
1125 2088 1282 2150 velut

9 2176 70 2234 in
89 2174 227 2233 duos
244 2194 435 2231 amnes
452 2170 740 2245 dividitur,
760 2170 1047 2253 servatque
1064 2196 1279 2234 nomen

12 2268 69 2320 &
110 2256 439 2317 violentiam
486 2253 668 2313 cursus
699 2303 716 2327 ,
768 2256 876 2337 qua
906 2258 1278 2316 Germaniam

13 2341 338 2426 praevehitur
365 2385 381 2410 ,
432 2337 613 2398 donec
659 2341 894 2399 Oceano
940 2338 1236 2399 misceatur·
1264 2365 1280 2399 a

13 2425 86 2485 ad
109 2423 385 2483 Gallicam
409 2425 587 2504 ripam
615 2420 777 2481 latior
802 2431 859 2483 δε
885 2421 1155 2506 placidior
1181 2423 1278 2482 ad-

15 2509 187 2569 fluens
210 2555 226 2579 ‚
267 2503 423 2566 verso
459 2526 842 2587 cognomento
883 2511 1148 2568 Vahalem
1184 2531 1279 2567 ac-

11 2591 143 2673 „colae
169 2591 394 2653 dic-ruit:
435 2612 568 2652 mox
592 2589 652 2651 id
686 2613 912 2674 quoque
938 2590 1282 2665 vocabulum

1309 272 1507 300 a

1307 333 1501 374 .A.U.C.

1354 412 1461 459 769.

1348 488 1463 527 J,C.

1379 566 1451 612 ιε,
