1639 3100
311 144 428 198 2'10
502 135 1063 199 C.CORN131„11
1108 138 1413 198 TAci‘rx

97 271 288 308 Ξ
310 258 535 322 „patres
574 236 870 321 conscripti
895 285 912 310 ‚
948 259 1040 296 me
1073 259 1300 318 quoque
1325 261 1440 298 non
1473 238 1576 304 effe
1609 232 1612 238 ⁴

95 327 145 368 Α·
166 330 214 368 U·
237 328 287 368 C·
310 320 730 383 »offenfionum
754 321 1017 381 avidum:
1051 343 1186 401 quas
1206 320 1336 380 cum
1360 346 1579 405 graves,
1607 385 1610 411 1

137 403 246 447 775·
310 416 414 471 ηδε
441 406 775 490 plerumque
800 406 1017 486 iniquas
1040 426 1141 486 pro
1167 405 1451 488 republica
1474 407 1580 467 sus-
1615 399 1623 431 ⁷

131 471 257 587 ἒξ·
309 493 598 575 „cipiam3
641 492 833 549 inanes
860 498 917 549 &
950 489 1140 547 inritas
1163 536 1180 560 ‚
1222 513 1407 571 neque
1445 493 1612 553 mihim

221 573 237 595 '
309 597 450 638 :naut
480 574 640 634 vobis
667 572 786 633 usui
814 571 1025 632 futuras
1047 621 1063 644 ,
1099 579 1217 654 jure
1241 573 1510 656 deprecor
1527 605 1584 638 ω.
1609 553 1629 657 jx

398 661 521 721 LV,
563 657 821 718 AUDITIS
852 656 1080 717 Caesaris
1110 656 1282 716 literis
1310 705 1326 729 ,
1370 657 1613 721 remissa*

316 744 568 805 aedilibus
606 742 729 802 talis
767 765 932 819 cura3
977 740 1243 822 luxusque
1284 741 1484 801 mensae
1508 790 1524 814 ‚
1556 764 1614 803 an

318 829 430 888 fine
457 827 674 886 Actiaci
708 825 886 899 belli,
925 825 996 884 ad
1031 849 1094 886 ea
1131 847 1286 883 arma
1322 825 1444 906 quis
1479 828 1613 888 Set.

319 912 504 971 Galba
528 933 717 970 rerum
742 910 971 991 adeptus
998 911 1072 967 est
1095 957 1110 981 ,
1145 931 1242 991 per
1267 932 1442 968 annos
1467 932 1617 974 cen--.

320 1017 442 1057 tum
461 992 690 1078 profusis
704 992 1015 1076 sumptibus
1032 992 1288 1065 exerciti,
1304 993 1616 1075 paullatim¹

321 1080 630 1140 exolevere.
677 1077 884 1137 Causas
922 1084 1037 1157 ejus
1078 1077 1405 1136 mutationis
1448 1099 1619 1159 quae-

321 1187 442 1224 rere
468 1163 623 1223 libet.
668 1162 835 1222 Dites
863 1160 1006 1220 olim
1030 1158 1257 1219 familiae
1283 1161 1599 1235 nobilium,

323 1270 417 1308 aut
448 1247 779 1307 claritudine
813 1245 1052 1329 insignes
1076 1293 1092 1317 ‚
1130 1245 1308 1304 studio
1341 1244 1598 1328 magnifi-

324 1332 518 1393 centiae
560 1331 1037 1414 prolabebantur:
1079 1353 1213 1387 nam
1260 1329 1600 1389 etiam'rum

324 1416 555 1500 plebem
580 1464 595 1487 ,
637 1413 811 1473 socios
841 1461 859 1486 ‚
910 1435 1082 1495 regna
1126 1411 1308 1471 colere
1332 1460 1349 1485 ,
1396 1422 1454 1473 &
1492 1412 1600 1472 coli

326 1500 579 1560 licitum:
603 1520 663 1558 ut
681 1496 912 1578 quisque
931 1496 1129 1577 opibus
1144 1543 1161 1567 ,
1183 1496 1360 1554 domo
1376 1543 1391 1567 ,
1412 1518 1600 1578 paratu
1620 1550 1622 1574 ἱ

325 1581 597 1666 speciosus
624 1629 640 1654 ‚
681 1603 779 1663 per
809 1603 1024 1638 nomen
1049 1587 1105 1638 &
1132 1578 1417 1637 clientelas
1441 1578 1600 1640 inlus-

328 1668 466 1727 trior
495 1664 804 1725 habebatur
827 1689 840 1721 :
866 1664 1158 1746 postquam
1191 1662 1430 1722 caedibus
1454 1662 1623 1726 ssevi—

327 1772 494 1823 tum‚
537 1758 594 1811 &
644 1747 981 1831 magnitudo
1024 1744 1186 1805 famae
1231 1747 1400 1806 exitio
1448 1769 1623 1825 erat;

329 1835 503 1895 ceteri
542 1832 614 1891 ad
653 1831 985 1915 sapientiora
1038 1829 1400 1890 convertere:
1446 1828 1623 1893 fimul

330 1920 467 1978 novi
494 1917 755 1975 homines
794 1939 824 1975 e
869 1914 1189 1996 municipiis
1227 1922 1285 1974 δε
1325 1914 1561 1975 coloniis
1587 1962 1605 1988 ,

332 2023 502 2082 atque
525 2001 698 2060 etiam
718 1999 1014 2083 provinciis
1032 2047 1048 2071 ,
1064 2000 1124 2057 in
1138 1997 1393 2058 senarum
1415 1999 1625 2064 crebro

333 2083 650 2168 adsumpti,
688 2084 1057 2144 domesticam
1085 2082 1496 2166 parcimoniam
1522 2084 1625 2143 in-'-==

336 2169 585 2230 tulerunt
618 2194 630 2227 t
683 2178 742 2230 &
795 2191 1144 2250 quamquam
1201 2164 1426 2226 fortuna
1453 2215 1469 2240 ‚
1522 2164 1611 2227 vel¹

334 2252 599 2314 industria
622 2301 638 2326 ‚
678 2253 928 2337 plerique
953 2249 1309 2336 pecuniosam
1333 2249 1405 2309 ad
1428 2249 1627 2311 senec-

337 2359 455 2398 tam
500 2338 856 2420 pervenirent
881 2360 898 2414 3
954 2335 1152 2395 manfit
1214 2355 1407 2394 tamen
1464 2335 1583 2418 prio
1614 2359 1627 2377 ⁶

339 2422 574 2483 animus.
648 2422 757 2481 Sed
801 2421 1100 2504 praecipuus
1150 2418 1391 2479 adstricti
1438 2411 1627 2477 moris«

341 2510 531 2566 austor
578 2504 943 2588 Vespasianus
1007 2503 1115 2563 fuit
1141 2552 1157 2577 ,
1214 2503 1447 2584 antiquo
1501 2498 1628 2584 ipso,

344 2588 497 2655 cultu
519 2588 814 2672 vidtuque:
851 2587 1186 2671 obsequium
1209 2585 1344 2648 inde
1373 2608 1433 2647 1n
1453 2587 1618 2646 Prin-»-
