1682 3110
193 98 326 193 κίε]
444 97 504 167 P
540 98 732 169 RAE
767 99 920 171 FA
971 100 1205 172 Tro.

196 211 524 280 GORDON
548 265 570 300 ,
609 218 971 284 accuratior
1003 215 1309 308 quidem,
1352 212 1462 282 sed

192 306 404 375 adhuc
424 307 646 401 paullo
666 308 893 378 laxior.
913 312 1282 400 Antiquum
1299 333 1461 399 »quo-

194 426 324 492 que
341 401 550 471 Gallis
573 403 696 472 fuit
716 404 992 472 studium
1009 456 1030 492 ,
1057 426 1129 471 ut
1149 403 1464 471 Tacitum

193 499 785 593 interpretarentur.
855 498 898 572 J
903 523 1006 567 am
1038 497 1290 593 pridem
1321 495 1467 565 rudi

191 597 508 662 vetustate
543 592 884 663 obsoluere
915 593 1267 662 FAUCHET
1298 642 1320 681 ,
1371 611 1466 664 DE

196 709 282 754 LA
303 687 639 757 PLANCHE
658 741 677 776 ,
713 687 954 781 aliique
973 687 1163 777 hujus
1188 688 1467 757 veterni.

196 780 472 873 Aliquid
529 786 676 852 artis
737 791 804 853 ὃς
859 786 1109 876 ingenii
1167 804 1469 877 promere

201 877 750 971 coepit'Achilles
793 901 884 946 DE
930 879 1258 947 HARLAY.
1314 874 1471 945 Plus

201 969 538 1063 elegantiae
561 1026 581 1060 ,
628 973 802 1041 haud
844 975 986 1043 satis
1030 973 1319 1043 veritatis
1364 972 1470 1038 in—

200 1065 366 1134 didit
410 1065 733 1136 Nicoiaus
775 1067 1067 1137 PERROT
1114 1065 1474 1134 D'ABLAN-

205 1181 473 1231 COURT.
523 1162 718 1231 Mole
749 1161 1204 1257 exemplorum
1229 1212 1250 1247 ,
1289 1157 1477 1228 taedia

201 1259 539 1348 aggeravit
564 1255 895 1326 Abraham
918 1253 1242 1326 Nicolaus
1267 1255 1474 1323 ΑΜΕ-

202 1371 345 1418 LOT
381 1372 473 1420 DE
508 1374 593 1419 LA
622 1351 988 1421 HoussAffi
1017 1359 1060 1420 ¹.
1113 1347 1272 1436 Ejus
1325 1371 1479 1416 ver-

203 1445 365 1512 fioni
392 1498 414 1534 ,
463 1448 736 1515 auetoris
789 1470 1004 1516 morte
1052 1447 1481 1536 interruptaej

205 1540 404 1606 finem
439 1541 744 1631 imposuit
774 1541 1153 1606 Franciscus
1188 1538 1428 1605 BRUYS
1457 1585 1482 1624 ,

206 1633 379 1702 vitiis
409 1683 430 1719 ,
476 1630 671 1722 quam
699 1631 1049 1700 virtutibus
1077 1629 1361 1699 fimilior.

298 1728 383 1795 IN
445 1729 544 1794 his
600 1730 1022 1796 tentamentis
1085 1723 1487 1817 aliquamdiu

207 1821 613 1891 substiterant
640 1818 917 1889 Gallicae
945 1819 1180 1906 literae,
1209 1825 1361 1888 cum
1384 1843 1487 1888 re-

211 1939 518 1999 censnos
551 1916 764 2010 rapuit
796 1915 1152 1985 studiorum
1176 1916 1479 2008 impetus·

283 2120 298 2144 ¹
321 2115 513 2166 Amelot
530 2115 642 2164 dela
654 2113 813 2164 Hous-
882 2110 1261 2177 notespoliriques
1284 2108 1331 2159 Cr
1357 2108 1488 2176 histo-

209 2183 297 2234 saie
320 2199 426 2232 X111
447 2186 622 2248 priores
644 2181 814 2231 Anna-
884 2179 1032 2244 rz‘ques
1073 2195 1159 2238 par
1205 2176 1278 2224 M.
1307 2176 1486 2225 Amelot

209 2254 322 2301 lium
341 2251 478 2298 libros
491 2248 815 2298 vertit.Ccte1·a
884 2245 936 2294 de
956 2245 999 2293 la
1024 2243 1229 2310 Houffizie
1259 2241 1307 2290 Cr
1329 2241 1399 2291 M.
1423 2241 1484 2293 L.

209 2318 363 2369 Taciti
381 2334 525 2383 opera
543 2320 815 2380 interpreta-
885 2311 942 2361 C.
998 2313 1070 2361 D.
1127 2309 1289 2359 (ΡΗ.
1345 2307 1390 2356 Α
1437 2307 1486 2356 la

215 2401 283 2435 tus
296 2387 356 2433 est
367 2381 631 2432 Franciscus
652 2383 812 2449 Bruys,
887 2378 1018 2445 Haye
1037 2417 1050 2439 ,
1082 2374 1186 2441 chez
1201 2374 1485 2425 Scheurleer.

213 2451 288 2501 sed
324 2449 594 2500 diffimulato
622 2447 701 2497 suo
728 2467 816 2496 no-
894 2461 1015 2510 1731
1045 2462 1115 2488 =
1136 2459 1222 2509 173
1240 2457 1282 2508 ς.
1317 2458 1376 2492 10
1398 2440 1485 2494 vol.

213 2520 354 2570 mine.
391 2515 557 2568 Tacite
595 2531 706 2565 avec
740 2513 818 2565 des
885 2512 1051 2564 in-1z.
