1655 3088
414 119 885 167 ANNAL1UM
928 105 1195 173 Nom.
1316 131 1442 194 405·

225 204 381 273 Terga
400 219 598 254 urorum.
639 204 730 252 Uri
752 242 765 264 ,
808 222 923 271 quos
947 205 1171 258 Germani
1198 213 1437 276 appellant

161 273 341 325 Uroclzs
363 311 380 333 ‚
413 272 552 319 boves
580 267 679 317 sunt
699 268 781 317 feri
802 307 814 328 ,
851 270 906 318 de
930 274 1093 338 quibus
1112 276 1212 324 vide
1234 277 1435 327 Plinium

160 340 302 399 VIII,
329 353 380 397 15
399 355 415 398 3
444 343 489 384 δε
506 335 681 388 Julium
695 332 918 383 Caesarem
935 374 947 396 ‚
965 337 1078 386 Bell.
1097 340 1223 391 Gall,
1241 342 1312 391 VI
1326 383 1338 402 ,
1358 348 1437 392 28.

228 403 319 453 Cui
335 418 493 451 nomen
512 399 715 449 Flevum.
732 401 982 450 Castellum
1002 406 1113 453 illud
1125 405 1268 453 Flevo
1286 409 1440 459 Rheni

161 471 278 519 ostio
297 468 381 517 fuit
399 466 670 533 adpositum.
707 466 878 529 Periit,
913 484 960 517 ut
988 470 1092 520 loca
1123 471 1219 520 haec
1249 477 1407 522 onmia
1425 514 1440 535 ‚

161 554 266 603 quae
310 551 436 583 nunc
481 549 678 599 occupat
714 532 758 581 Z
764 550 790 580 ιι
823 532 1027 599 ἄεν-ζέε.
1081 537 1244 588 Manet
1283 554 1440 591 tamen

162 603 390 652 memoria
418 602 468 649 in
494 598 600 651 Ulie
619 637 636 663 ,
674 604 720 647 δε
793 598 1035 653 lie-lande.

227 731 354 781 CAP.
367 727 599 780 LXXIII.
615 729 666 782 V
663 729 804 781 exilla
821 730 969 796 legion
976 748 1067 783 um.
1085 731 1163 782 De
1175 733 1443 787 Vexillariie

163 796 338 848 sdistum
368 795 503 862 supra*-
530 796 710 846 Annal.
740 797 794 859 Ι,
828 802 908 861 38.

229 864 373 914 Alam
420 860 794 927 Canninefatem.
851 863 991 911 Alam
1036 863 1399 914 Canninefatum
1426 880 1445 927 ,'

161 933 244 998 qui
258 928 629 1045 bOccidentalem
660 925 814 978 insulae
836 930 1116 980 Batavorum
1141 947 1322 999 partem
1356 933 1440 981 ha·-

164 997 255 1048 bita
289 1013 381 1046 ant.

240 1063 359 1112 Acri
393 1078 570 1130 pugna.
603 1062 737 1111 Acris
766 1063 847 1111 illa
881 1080 1044 1129 pugna
1070 1064 1188 1112 inter
1221 1062 1376 1111 Sneck
1396 1070 1443 1112 δε

163 1128 400 1179 Lewarde
433 1127 670 1179 commissa
697 1130 774 1177 est.
817 1129 895 1178 De
922 1132 975 1177 efi
1006 1128 1110 1178 vide
1141 1128 1216 1177 Cl.
1240 1130 1407 1197 Alting
1426 1169 1443 1192 ‚

164 1195 353 1246 Notiria
373 1196 642 1248 Germanice
660 1194 893 1257 inferioris
911 1195 1113 1259 antiquae
1129 1233 1142 1255 ‚
1160 1214 1208 1260 p.
1227 1213 1284 1253 14
1302 1201 1346 1243 ὃ(
1367 1212 1444 1257 15.

228 1261 442 1329 Infignes
480 1260 788 1311 centuriones.
845 1260 1156 1311 Centuriones
1198 1261 1361 1311 ordine
1395 1269 1443 1312 &2

162 1324 299 1376 'donis
334 1327 603 1378 militaribus
638 1326 857 1393 insignes.

229 1391 409 1442 Lucum
432 1428 448 1443 .
473 1431 487 1442 .
507 1391 831 1444 Baduhennae.
867 1392 921 1443 N
924 1411 1012 1443 unc
1031 1392 1211 1443 Seven«
1221 1392 1449 1460 Woldeng

165 1458 322 1508 silvam
354 1458 504 1508 Fristae
541 1460 812 1507 maximam.

232 1524 484 1591 Quondam
512 1522 832 1590 stipendiarii.
897 1524 1133 1574 Nonnulli
1176 1525 1408 1590 explicant
1424 1536 1453 1587 ,ss

200 1593 246 1639 ui
279 1591 518 1658 quondam
550 1589 775 1654 stipendia
807 1591 1027 1641 tributave
1062 1591 1286 1639 Romanis
1319 1609 1445 1656 pen-

164 1608 314 1706 gebat.
351 1658 482 1718 Alii,
517 1655 646 1723 quod
675 1658 820 1704 verius
847 1674 962 1722 puto
984 1696 997 1718 ‚
1030 1658 1324 1724 intelligunt,
1363 1660 1447 1725 qui

165 1723 389 1789 stipendia
408 1725 458 1770 in
477 1723 676 1772 exercitu
696 1721 914 1771 Romano
934 1723 1174 1789 quondam
1203 1739 1446 1772 meruerat.

163 1788 312 1856 quue
342 1790 470 1837 aliter
500 1788 648 1853 accipi
675 1789 749 1834 vix
779 1791 947 1853 patitur
965 1808 1057 1838 vox
1074 1787 1313 1854 quondum.
1351 1789 1447 1838 Sti-

163 1856 429 1921 pendiarios
476 1870 629 1903 autem
676 1852 824 1902 diastos
871 1854 998 1904 fuisse
1039 1895 1052 1916 ,
1131 1857 1177 1902 ui
1220 1855 1446 1920 stipendia

164 1936 449 1980 meruerant,
471 1935 597 1985 patet
613 1937 668 1967 ex
687 1918 825 1967 Livio
846 1920 962 1970 VIII
982 1959 994 1980 ,
1018 1925 1061 1968 8.
1133 1920 1276 1986 lypez‘s·
1300 1936 1443 1969 antea

164 1985 366 2036 Romani
406 1984 472 2051 ufi
497 1986 613 2049 fimi:
641 2002 657 2029 .-
693 1982 865 2032 deinde,
888 1985 1117 2050 postquam
1146 1985 1446 2052 stipendiarii

150 2051 274 2117 fac‘li
287 2053 404 2119 fiant
427 2092 445 2116 ,
459 2051 599 2116 scuta
622 2066 706 2112 pro
740 2047 911 2119 clypeis
925 2050 1079 2114 fuere.

235 2180 360 2231 CAP.
387 2180 600 2232 LXXV.
645 2180 703 2230 In
740 2177 968 2235 Domitio,
1010 2181 1248 2244 NeroniS,
1283 2185 1442 2249 postea

169 2246 422 2313 Principis,
452 2265 597 2313 patre.
1069 2280 1074 2284 »

235 2313 487 2382 Augustum
516 2312 806 2364 avunculum.
843 2312 1077 2380 Magnum
1099 2313 1394 2369 avunculum„

419 2463 629 2524 F1N1s
674 2465 894 2525 T0M1
938 2484 1186 2525 muni.
