1655 3088
237 171 710 223 ANNArruM
757 150 924 207 Lm.
969 146 1073 203 ΙΙΙ.
1183 163 1294 217 199

17 262 230 346 cripta
273 257 535 318 Treveris
575 301 591 327 ,
649 245 854 310 militia
901 239 1302 324 disciplinaque

35 345 214 411 nostra
248 341 555 402 habebatur
579 386 595 410 ‚
635 355 696 394 ut
720 381 735 405 ‚
775 327 912 389 caefis
940 324 1303 409 negotiatori·

36 432 137 493 bus
155 426 427 490 Romanis
445 472 462 496 ‚
479 420 697 481 bellum
714 415 985 496 inciperet
1004 436 1016 467 ε
1034 407 1303 492 paucique
1367 392 1479 496 {72⁶

16 514 292 596 equitum
320 507 604 590 corrupti,
646 501 826 586 plures
850 499 908 555 in
935 491 1122 553 officio
1152 513 1308 547 man-
1386 534 1461 572 Μ.

16 596 168 662 sere.
205 594 380 655 Aliud
409 593 605 673 vulgus
635 587 1004 645 obaeratorum
1028 597 1120 636 aut
1142 574 1313 633 clien-

41 682 187 742 tium
236 701 390 738 arma
429 676 618 757 cepit:
679 667 1056 752 petebantque
1105 658 1269 718 saltus
1295 703 1312 730 ‚

41 765 246 848 quibus
285 783 498 821 nomen
532 757 856 822 Arduenna,
892 747 1023 806 cum
1064 743 1318 826 legiones

41 866 283 927 utroque
329 844 397 903 ab
453 839 736 908 exercitii,
779 856 913 915 quas
955 826 1222 891 Visellius
1265 833 1323 885 &

46 935 118 992 C.
150 929 312 989 Silius
355 923 590 987 adversis
624 918 917 979 itineribus
952 913 1276 994 objecerant
1309 955 1328 979 ,

46 1033 342 1077 arcuerunt
380 1036 391 1068 :
457 1001 864 1093 praemiffusque
924 1021 1054 1056 cum
1112 990 1332 1053 delecta

50 1121 222 1159 manu
265 1095 442 1160 Julius
488 1090 660 1150 Indus
691 1137 707 1160 ,
755 1109 784 1145 e
825 1083 1049 1143 civitate
1092 1077 1334 1147 eadem,

50 1181 257 1243 discors
294 1179 456 1238 Floro
481 1224 497 1249 ,
541 1183 598 1235 δε
639 1172 714 1231 ob
755 1168 815 1227 id
858 1163 1123 1226 navandae
1155 1182 1337 1243 operae

53 1265 273 1326 avidior
288 1312 304 1337 ,
331 1258 684 1320 inconditam
704 1249 1134 1312 multitudinem
1153 1245 1339 1304 adhuc

38 1349 294 1429 disjecit.
339 1345 527 1405 Florus
569 1338 795 1399 incertis
839 1333 1064 1394 latebris
1102 1331 1340 1389 victores

42 1432 338 1496 ‘frustratus
359 1477 374 1502 ,
399 1426 677 1510 postremo
700 1471 716 1495 ,
745 1419 867 1479 vifis
897 1414 1172 1475 militibus
1196 1460 1212 1485 ,
1242 1410 1342 1491 qui

58 1511 639 1598 effugiainsederant
665 1556 681 1580 ‚
734 1503 826 1563 sua
871 1523 1044 1560 manu
1096 1495 1340 1557 cecidit:

58 1600 214 1682 isque
240 1595 531 1656 Treverici
558 1587 830 1651 tumultus
861 1585 1002 1643 finis·

147 1683 363 1742 XLIII.
423 1678 593 1737 APUD
651 1672 861 1734 AEduos
925 1672 1104 1745 major
1164 1657 1345 1718 moles

62 1788 257 1828 exorta
289 1812 305 1836 ‚
355 1763 567 1843 quanto
617 1758 809 1816 civitas
856 1748 1176 1834 opulentior
1214 1791 1230 1815 ,
1288 1751 1347 1802 δε

65 1845 488 1932 comprimendi
508 1840 700 1926 procul
721 1835 1053 1922 praesidium.
1079 1827 1349 1910 Augusto-

67 1934 288 1993 dunum
315 1949 478 2012 caput
499 1926 678 2010 gentis
696 1972 711 1996 ‚
739 1920 965 1982 armatis
992 1911 1350 1981 cohortibus,

69 2015 321 2078 Sacrovir
374 2028 739 2094 occupaverat
773 2055 791 2080 ,
846 2013 904 2064 &
947 1996 1351 2060 nobiliflimam

9 2166 11 2171 ,
70 2100 386 2161 Gallia‘rum
429 2093 684 2155 subolem
723 2137 740 2162 ‚
797 2084 1119 2147 liberalibus
1164 2078 1353 2138 studiis
1397 2075 1402 2081 ’

7 2182 11 2220 ’Ῑ
71 2186 155 2245 ibi
203 2201 491 2265 operatam
529 2227 544 2251 ‚
595 2197 656 2235 ut
709 2197 777 2233 eo
823 2173 1056 2255 pignore
1098 2183 1353 2248 parentes

6 2267 11 2315 ἕ
75 2262 529 2354 propinquosque
566 2281 764 2319 eorum
798 2256 1165 2336 adjungeret:
1191 2244 1356 2306 simul

3 2382 12 2435 g
76 2375 233 2413 arma
253 2347 468 2408 occulte
493 2344 760 2404 fabricata
780 2337 1059 2422 juventuti
1083 2330 1353 2415 dispertit.

1 2435 12 2521 ξ
81 2434 472 2515 Quadraginta
492 2428 670 2488 millia
689 2425 865 2497 fuere,
886 2419 1080 2505 quinta
1101 2417 1181 2476 sui
1202 2434 1359 2498 parte

25 2554 28 2555 ⁷
82 2518 402 2602 legionariis
433 2513 599 2574 armis
624 2560 640 2584 ‚
683 2510 855 2570 ceteri
900 2529 1032 2566 cum
1069 2496 1359 2562 venabulis

83 2612 144 2665 δέ
183 2600 368 2663 cultris
391 2647 408 2673 ,
446 2618 678 2682 quaeque
724 2593 830 2654 alia
876 2586 1208 2653 venantibus
1250 2578 1362 2640 tela.

1031 2675 1059 2730 l
1106 2669 1162 2727 iv

1326 315 1362 353 3>

1395 313 1516 353 U.C.
