1655 3088
408 131 1186 202 ANNAL1UMNOTAE‚
1319 152 1437 213 377

175 272 181 276 -
238 237 547 290 Stratonicidi
589 237 779 289 Veneri.
835 237 902 283 Ita
948 236 1075 283 dictae
1117 238 1166 284 in
1207 233 1436 282 honorem

168 306 447 356 Stratonices
469 343 480 364 ‚
518 305 628 351 aviae
659 304 836 351 Seleuci
863 301 906 347 II
930 338 941 359 ‚
982 317 1295 366 cognomento
1323 300 1438 347 Cal-

166 374 296 420 linici
316 407 330 428 ‚
393 373 434 418 ui
459 368 645 417 sancivit
667 368 888 433 templum
908 366 1105 415 Veneris
1125 365 1440 413 Stratonicidis

167 435 343 504 asylum
383 454 459 484 ore
475 474 487 495 ,
509 434 758 500 urbemque
778 434 1024 499 Smyrnam
1038 471 1049 491 ‚
1071 448 1194 478 nunc
1213 430 1407 493 Smyrne
1425 467 1439 490 ,

169 501 341 550 sacram
362 509 404 549 &
436 499 626 567 asylum.
655 500 1012 547 Monumentum
1041 497 1235 546 Veneris
1260 496 1439 542 Strato—-

171 568 330 615 nicidis
348 567 449 616 vide
473 570 522 614 in
543 568 696 631 priore
716 565 916 614 editione
935 603 948 624 ‚
982 563 1125 611 Tom.
1142 563 1163 609 I
1181 600 1193 622 ,
1217 579 1326 628 pag.
1346 576 1440 617 417

171 639 218 681 &
255 630 346 700 seq.

238 697 423 750 Tenios.
458 699 619 748 Tenos
649 695 794 746 insula
816 735 830 758 ,
868 714 959 746 una
987 692 1247 761 Cycladum
1272 730 1285 754 ‚
1317 706 1442 740 nunc

172 761 312 812 Tine.

238 829 514 878 Sardianos.
552 827 712 877 Sardes
732 865 745 887 ,
785 826 888 875 urbs
910 824 1073 892 Lydiae
1093 863 1105 884 ,
1131 839 1255 871 nunc
1279 820 1411 868 Sars.

240 893 461 960 Milcgfios.
493 894 570 942 De
598 893 762 941 Mileto
782 894 954 941 dieium
975 890 1132 957 supra,
1164 887 1340 937 Annal.
1368 887 1413 933 II
1428 898 1445 946 ,’

178 971 491 1089 54Cretense5.
538 1026 677 1075 Creta
704 1021 849 1071 insula
872 1061 884 1081 ,
918 1039 1041 1069 nunc
1063 1020 1261 1071 Candie.

241 1089 408 1155 Figere
435 1107 546 1139 aera.
575 1091 740 1158 Figere
764 1089 933 1137 tabulas
959 1106 1093 1136 aereas
1116 1126 1128 1147 ,
1165 1087 1326 1155 quibus
1353 1081 1447 1132 'ms-'¹

177 1156 323 1221 cripta
353 1154 491 1204 essent
523 1153 898 1205 senatusconsulta
933 1153 988 1201 de
1020 1153 1166 1221 asylis.

241 1222 298 1270 In
336 1221 624 1271 ambitionem
657 1221 986 1270 delaberentur.
1015 1220 1179 1285 Specie
1205 1217 1447 1285 religionis

177 1304 299 1338 nova
329 1286 506 1353 semper
538 1307 590 1338 ac
622 1289 804 1351 majora
837 1286 1044 1334 ambiunt
1075 1287 1255 1351 populi.

237 1418 364 1466 CAP.
392 1419 576 1471 LXIV.
613 1418 755 1469 Juz’iae
783 1417 1015 1483 Augustae.
1048 1418 1207 1466 Liviae.
1427 1436 1429 1438 ·

240 1482 479 1544 Supplicia
513 1486 620 1534 diis.
664 1484 711 1531 A
743 1484 896 1531 senatu
933 1484 1237 1532 decernuntur
1267 1477 1448 1544 suppli-³

177 1551 378 1597 cationes
416 1549 499 1596 diis
518 1589 530 1610 ‚
565 1550 751 1615 ludique
781 1551 975 1613 magni,
1009 1550 1056 1596 id
1089 1550 1151 1596 est
1179 1545 1413 1596 Circenses
1432 1581 1445 1607 ,

213 1632 294 1661 uos
324 1614 568 1680 pontifices
594 1654 606 1676 ,
644 1621 687 1661 &
726 1631 918 1680 augures
937 1653 948 1674 ,
985 1620 1029 1661 &
1060 1612 1451 1681 quindecimviri,

173 1631 307 1730 Emul
331 1698 383 1728 ac
402 1680 656 1746 septemviri
680 1687 724 1727 &
750 1678 921 1727 sodales
949 1680 1220 1746 Augustales
1245 1677 1446 1725 ederent.

176 1745 329 1794 Simul
355 1746 624 1803 Graecorum
644 1746 858 1812 exemplo
886 1764 991 1794 cum
1014 1745 1146 1796 tertio
1173 1742 1275 1794 casu
1296 1743 1448 1809 jungit

175 1811 380 1861 Tacitus.

242 1877 466 1927 Feciales.
492 1877 609 1926 Non
629 1878 846 1926 ludorum
865 1916 878 1938 ,
910 1876 985 1927 sed
996 1875 1218 1939 foederum
1237 1909 1249 1928 ,
1276 1871 1449 1935 pacis;

175 1940 280 1992 beili
307 1983 322 2006 ‚
375 1942 686 1992 induciarum
717 1958 920 1991 oratores
955 1943 1152 2005 feciales
1190 1938 1448 2007 judicqfilue

158 2009 322 2074 sunto,
362 2009 529 2057 Cicero
558 2009 612 2056 de
641 2009 844 2074 Legibus
870 2009 915 2056 Π
937 2048 949 2068 ,
980 2028 1027 2065 9.

242 2073 517 2139 Augustales
555 2073 765 2136 adjeeioin
801 2074 944 2138 Apud
966 2075 1204 2137 Romanos
1233 2070 1445 2121 ludorum

177 2156 286 2188 cura
312 2156 408 2187 erat
432 2139 668 2187 commissa
693 2154 887 2206 quatuor
912 2141 1118 2206 collegiis
1139 2137 1412 2204 pontificum
1431 2174 1447 2198 ,

179 2223 405 2272 augurum
425 2244 437 2265 ‚
478 2205 944 2272 quindecimvirorum
979 2213 1023 2253 &
1055 2205 1443 2269 septemvirorum.

178 2271 320 2321 Ludis
339 2269 445 2319 vero
464 2289 551 2335 pro
571 2270 599 2323 J
603 2272 692 2319 ulia
707 2271 833 2321 editis
853 2270 1017 2332 adjecti
1036 2269 1416 2335 suntAugustales
1429 2305 1445 2330 ‚

180 2335 307 2405 quod
336 2337 426 2385 hoc
454 2337 753 2384 sacerdotium
789 2336 895 2384 esset
924 2340 1165 2403 proprium
1188 2335 1318 2389 Juliae
1338 2334 1447 2387 Aus

180 2404 410 2470 gustaeque
439 2403 600 2450 domus
631 2420 718 2468 pro
751 2403 841 2470 qua
867 2419 972 2453 vota
1001 2402 1378 2471 persolverentur.

246 2532 371 2587 CAP.
396 2532 556 2587 LXV.
587 2532 772 2587 Pedarii
783 2534 1040 2601 senatores,
1065 2534 1306 2586 Senatores
1325 2570 1339 2594 2
1363 2529 1446 2599 qui
