1655 3088
241 171 704 211 ANNALIUM
749 156 911 216 LIB.
957 160 1059 221 IV.
1174 171 1300 224 261*

22 268 197 306 uem
231 250 374 308 vidit
414 249 647 332 sequens
689 275 812 313 aetas
844 262 1245 340 praepotentem
1273 315 1289 339 ,
1313 294 1509 322 ===

24 330 281 394 venalem
311 380 328 405 ‚
369 341 426 393 &
469 336 700 395 Claudii
738 340 1004 423 Principis
1044 348 1289 424 amicitia
1313 356 1361 398 A.
1385 360 1432 396 U·
1455 359 1512 407 C,

25 412 124 472 diu
181 414 437 498 prospere
470 466 487 490 ,
549 444 864 502 numquam
916 425 1060 486 bene
1115 429 1289 492 usum.
1359 442 1469 480 777·

26 496 235 556 Eadem
271 523 436 581 poena
474 504 535 560 in
576 507 788 564 Catum
827 507 1097 569 Firmium
1134 512 1292 572 sena-
1351 512 1389 551 J·
1426 515 1478 555 C.

27 599 207 640 torem
228 583 476 643 statuitur
491 594 819 670 ‚‘tamquam
835 588 977 651 falfis
1001 599 1294 675 majestatis
1381 598 1456 641 ²4⁰

22 664 348 725 -riminibus
377 667 624 730 sororem
655 672 945 753 petivisset.
984 679 1159 738 Catus
1179 729 1196 752 ‚
1232 704 1294 741 ut

53 748 217 821 etuli‚
239 751 521 811 Libonem
538 754 806 814 inlexerat
821 757 1030 818 infidiis
1044 809 1060 834 ‚
1084 763 1293 826 deinde

81 831 236 890 dicio
281 835 630 916 perculerat:
679 847 793 919 ejus
842 865 1020 924 operae
1068 869 1293 908 memor

22 915 283 975 Tiberius
306 965 322 989 ,
363 917 458 977 sed
489 920 594 978 alia
616 924 962 1003 praetendens
984 975 1001 998 ,
1043 929 1293 991 exfilium

35 1020 344 1081 eprecatus
383 1005 495 1062 est:
542 1007 844 1085 quominus
880 1007 1072 1071 senatu
1115 1015 1293 1096 pelle—-

20 1103 171 1142 vetur
195 1132 210 1155 ‚
251 1108 367 1143 non
403 1087 631 1148 obstitit.

108 1168 360 1228 XXXII.
382 1173 702 1245 PLERAQUE
727 1196 921 1235 eorum
948 1201 1067 1259 quae
1096 1182 1291 1257 retuli,

30 1272 251 1331 uiaeque
281 1251 553 1328 referam,
587 1279 753 1339 parva
774 1258 999 1321 forfitan
1024 1311 1041 1334 ‚
1068 1265 1292 1327 &levia

37 1356 340 1395 nemoratu
367 1338 581 1410 videri,
620 1364 736 1398 non
771 1343 982 1404 nescius
1003 1346 1125 1405 sum
1152 1374 1162 1406 :
1195 1349 1294 1410 sed

21 1439 191 1476 nemo
245 1418 493 1481 Annales
559 1426 768 1483 nostros
833 1451 963 1486 cum
1028 1428 1294 1514 scriptur&¹

19 1523 216 1560 orum
262 1506 657 1580 contenderit,
698 1509 795 1588 qui
833 1533 1046 1572 veteres
1096 1518 1294 1600 populi

18 1586 264 1644 'omani
313 1610 397 1647 res
452 1590 829 1672 composuere.
901 1598 1159 1678 Ingentia
1203 1601 1290 1663 illi

20 1666 166 1730 bella
186 1717 202 1742 ,
234 1674 668 1754 expugnationes
696 1676 953 1751 urbium,
988 1678 1132 1741 fusos
1167 1707 1290 1768 cap-

20 1750 212 1833 tosque
237 1777 392 1837 reges
417 1780 433 1835 3
481 1779 575 1819 aut
598 1806 614 1829 ‚
657 1758 694 1816 fi
723 1762 949 1839 quando
977 1764 1048 1822 ad
1070 1766 1288 1829 interna

19 1858 407 1897 ¹uraeverterent
438 1887 454 1910 ‚
514 1840 813 1901 discordias
857 1845 1148 1906 consulum
1189 1853 1291 1910 ad-

55 1919 239 1979 ersum
278 1922 528 1982 tribunos
554 1971 570 1996 ‚
609 1927 845 2008 agrarias
872 1926 1291 1993 frumentarias«

29 2026 126 2063 sue
160 2003 310 2086 leges
337 2055 353 2079 ‚
397 2006 574 2089 plebis
617 2018 674 2068 ὃς
715 2011 1076 2092 optimatium
1118 2040 1288 2079 certa-

19 2117 45 2140 ιι
81 2088 200 2160 ina,
224 2088 402 2148 libero
435 2090 648 2172 egreffu
672 2096 1081 2158 memorabant.
1107 2102 1298 2163 Nobis·

20 2194 77 2229 *n
120 2176 269 2232 atsto
303 2221 320 2247 ,
376 2181 435 2233 &
479 2174 748 2257 inglorius
799 2177 973 2240 labor.
1040 2185 1290 2248 Immota

29 2256 254 2338 usppe,
284 2278 378 2315 aut
398 2258 622 2318 modice
653 2258 887 2320 laceffita
918 2287 1022 2346 pax
1044 2314 1059 2338 ,
1095 2271 1288 2330 maestae

79 2339 187 2398 rbis
212 2362 295 2399 res
311 2389 326 2413 ,
357 2350 414 2401 &
436 2343 693 2426 Princeps
717 2344 1038 2427 proferendi
1062 2349 1289 2434 imperii

6 2420 316 2482 incuriosus
335 2446 466 2485 erat.
481 2428 612 2484 Non
629 2448 820 2487 tamen
841 2429 953 2490 fine
970 2430 1066 2491 usu
1082 2432 1250 2496 fuerit
1265 2488 1283 2511 ‚

5 2503 35 2576 ξι
81 2506 372 2589 trospicere
388 2505 482 2579 illa
495 2511 679 2592 primo
694 2510 909 2594 aspetftu
921 2513 1149 2588 levia,ex
1164 2523 1288 2600 quis

83 2613 351 2678 agnarum
370 2590 504 2678 saepe
528 2616 716 2656 rerum
739 2617 926 2661 motus
948 2599 1222 2688 oriuntur,
1287 2672 1290 2673 7
