1682 3110
286 147 423 232 'lxxij'
576 142 1368 205 TEST1M0N1A‘·

300 263 548 317 magnum
585 244 810 304 saecu10‚
857 252 1104 304 magnum
1152 232 1310 285 etiam
1354 227 1476 280 foro
1520 218 1584 281 δὲ

303 316 475 369 rostris
515 314 820 366 attulerunt.
875 303 1140 358 Laudatus
1185 299 1254 351 est
1294 315 1324 348 a
1366 292 1580 346 consule

304 381 560 443 Cornelio
577 377 795 429 Tacito:
816 388 938 423 nam
956 368 1318 431 hiesupremus
1338 355 1581 412 felicitati

306 450 417 514 ejus
463 445 697 499 cumulus
738 438 937 492 acceffit
968 472 986 495 ‚
1040 433 1280 484 laudator
1321 428 1582 490 eloquen-

306 516 538 568 tiffimus.
585 513 650 562 Et
681 507 771 558 ille
795 503 1011 571 quidem
1033 500 1217 565 plenus
1237 493 1384 547 annis
1411 487 1543 542 abiit
1564 523 1585 548 ‚

306 584 491 649 plenus
509 574 804 629 honoribus
820 611 835 634 ‚
855 568 958 620 illis
978 568 1134 618 etiam
1155 579 1287 629 quos
1309 553 1586 610 recusavit.

307 647 484 702 Nobis
503 658 680 696 tamen
700 636 1006 707 quaerendus
1027 650 1084 683 ac
1106 628 1209 681 defi
1252 625 1467 681 erandus
1489 620 1589 680 est,

309 728 369 768 ut
384 711 647 778 exemplar
665 706 764 758 aevi
784 701 999 770 prioris:
1022 696 1153 748 mihi
1167 696 1296 746 vero
1311 688 1586 756 praecipue,

307 780 404 850 qui
445 778 596 830 ilium
629 790 744 825 non
780 770 948 822 solum
987 762 1196 832 publice
1229 797 1242 820 ,
1294 758 1381 809 sed
1426 753 1590 805 etiam

310 845 559 914 privatim
573 881 589 905 ‚
610 844 865 908 quantum
885 831 1177 885 admirabar
1197 866 1212 889 ‚
1238 827 1444 877 tantum
1469 818 1593 869 dili-

309 915 530 981 gebam;
554 909 780 974 primiim
801 901 945 969 quod
964 898 1172 962 utrique
1198 893 1382 944 eadem
1400 884 1548 952 regio
1570 921 1588 942 ,

311 976 605 1041 municipia
630 970 887 1026 finitima,
921 964 1029 1032 agri
1059 962 1217 1014 etiam
1241 950 1593 1020 poffeffiones-

316 1064 420 1114 que
457 1043 748 1105 conjuneiae
783 1055 796 1086 ε
838 1046 1082 1097 praeterea
1122 1025 1270 1091 quod
1309 1022 1403 1073 ille
1445 1031 1593 1069 tutor

229 1154 233 1158 -
314 1111 449 1164 mihi
486 1108 721 1165 τεΙὶὲὶυε,
763 1098 1022 1154 ειάξεὲὶαηι
1061 1090 1289 1160 parentis
1332 1082 1594 1139 exhibuit.

315 1180 401 1232 Sic
423 1175 758 1229 candidatum
779 1183 863 1219 me
889 1162 1129 1228 suffragio
1158 1153 1405 1216 ornavit3
1435 1149 1502 1201 fic
1527 1148 1595 1199 ad

319 1262 507 1299 omnes
555 1241 786 1293 honores
825 1250 972 1284 meos
1021 1246 1085 1280 ex
1128 1222 1392 1276 seceflibus
1431 1216 1595 1267 aden-

324 1311 485 1366 currit
512 1346 527 1370 ,
579 1311 701 1360 cum
747 1297 1057 1368 jampridem
1103 1285 1358 1357 ejusmodi
1410 1279 1595 1335 officiis

319 1375 694 1436 renuntiassem
744 1367 812 1420 fic
852 1366 947 1417 illo
991 1361 1077 1413 die
1104 1394 1121 1417 ‚
1164 1373 1272 1423 quo
1312 1349 1601 1404 sacerdotes

326 1446 495 1498 solent
514 1438 790 1494 nominare
808 1450 940 1498 quos
963 1423 1281 1495 dignissimos
1303 1413 1599 1471 sacerdotio

326 1510 564 1579 judicant
593 1547 609 1570 ‚
661 1520 746 1554 me
795 1499 996 1563 semper
1039 1489 1368 1544 nominabat.
1451 1479 1603 1544 Quin

258 1603 259 1606 ¹
328 1577 489 1631 etiam
518 1576 575 1625 in
610 1571 705 1622 hae
733 1561 1009 1620 novissima
1035 1553 1340 1611 valetudine
1372 1548 1604 1603 veritus,

327 1662 398 1700 ne
434 1643 572 1695 forte
603 1639 739 1689 inter
768 1626 1149 1698 quinqueviros
1180 1629 1435 1672 crearetur
1458 1651 1474 1673 ‚
1509 1610 1603 1677 qui

329 1705 633 1763 minuendis
649 1698 868 1770 publicis
887 1693 1171 1759 sumptibus
1186 1683 1385 1752 'judicio
1400 1678 1604 1732 senatus

330 1775 816 1832 constituebantur,
864 1767 985 1816 cum
1022 1758 1100 1810 i-tli
1138 1767 1221 1808 tot
1263 1748 1420 1804 amici
1459 1746 1606 1798 senes

336 1838 734 1904 consularesque
759 1828 1067 1897 superessent
1091 1862 1106 1884 ‚
1141 1839 1226 1873 me
1243 1819 1397 1881 hujus
1415 1810 1612 1867 aetatis,

335 1928 429 1977 per
460 1921 617 1973 quem
648 1899 972 1954 excusaretur
995 1932 1010 1954 ‚
1048 1888 1240 1956 elegit,
1280 1884 1360 1934 his
1392 1879 1611 1946 quidem

337 1974 513 2028 verbis
535 1991 548 2021 ι
578 1963 933 2033 Εῑὶανηβῇῖἱιιτη
958 1956 1163 2009 haberem
1181 1993 1197 2012 ,
1228 1950 1311 2000 cibi
1332 1944 1611 1998 mandarem.

340 2041 549 2106 Quibus
575 2056 638 2089 ex
664 2031 820 2087 causis
845 2026 1041 2081 neceffe
1068 2022 1135 2074 est
1159 2056 1174 2079 ‚
1211 2029 1476 2082 tamquam
1508 2011 1611 2060 im-

340 2122 595 2160 maturam
619 2113 846 2153 mortem
877 2095 985 2155 eius
1015 2090 1072 2140 in
1094 2088 1204 2139 sinu
1226 2097 1319 2136 tuo
1349 2079 1571 2131 defleam
1592 2092 1614 2140 ;

339 2175 380 2230 fi
405 2189 580 2227 tamen
605 2170 677 2220 fas
705 2166 773 2218 est
794 2175 880 2215 aut
899 2161 1022 2212 fiere
1048 2192 1063 2212 ‚
1100 2165 1187 2206 aut
1217 2147 1440 2203 omnino
1466 2159 1614 2194 mor·-

345 2256 453 2294 tem
478 2255 669 2291 vocare
687 2273 700 2296 ,
732 2229 832 2297 qua
854 2226 988 2279 tanti
1012 2221 1112 2272 viri
1139 2215 1427 2270 mortalitas
1448 2207 1613 2275 magis

344 2308 496 2360 finita
527 2306 683 2372 quam
708 2299 818 2350 vita
847 2294 928 2346 est.
963 2287 1113 2342 Vivit
1147 2283 1289 2336 enim
1309 2321 1324 2343 ‚
1356 2278 1615 2341 vivetque

345 2375 543 2439 semper
564 2406 578 2430 ,
612 2383 766 2434 atquc
797 2360 952 2414 etiam
984 2354 1134 2407 latius
1157 2350 1213 2400 in
1237 2341 1491 2399 memoria
1509 2341 1619 2393 ho·-

348 2440 552 2493 minum
574 2437 630 2488 ὃς
656 2435 891 2485 sermone
908 2419 1194 2475 versabitur
1212 2455 1226 2478 ,
1257 2413 1524 2480 postquam
1547 2406 1618 2458 ab

352 2504 519 2558 oculis
541 2502 749 2553 receffit.
772 2491 934 2549 Volui
956 2488 1057 2541 tibi
1074 2483 1236 2535 multa
1258 2480 1357 2531 alia
1378 2475 1618 2534 scribere,

353 2574 440 2625 sed
464 2582 604 2622 totus
624 2567 826 2618 animus
846 2560 901 2609 in
922 2558 1015 2606 hac
1039 2550 1142 2604 unzi
1166 2540 1619 2609 contempiatione

357 2637 557 2691 defixus
589 2634 673 2687 est.
718 2623 1025 2694 Verginium
1059 2615 1238 2683 cogito
1262 2653 1278 2678 ,
1314 2605 1623 2723 Vergiqtgium.

1423 2691 1480 2727 vi
1522 2688 1584 2723 eo
1601 2707 1622 2734 ³
