1655 3088
268 164 744 214 ANNALHJM
789 146 1072 209 L1B.11.
1205 169 1314 231 135

0 236 311 319 lincedete
333 299 352 324 ,
388 248 624 333 pedibus
663 248 884 308 intectis
905 296 920 320 ‚
965 257 1023 308 &
1044 251 1162 332 pari
1189 275 1319 311 cum

0 327 27 398 k.
49 336 250 397 Graecis
274 336 484 394 amistu
501 381 517 406 ‚
544 337 602 392 P.
623 333 894 416 Scipionis
919 333 1275 394 aemulatione
1301 361 1317 414 3
1339 332 1387 371 A.
1409 334 1458 371 U·
1482 329 1536 374 0·

0 412 20 495 ᾗ]
49 442 220 502 quem
257 420 457 478 eadem
495 415 820 476 factitavisse
859 417 1006 500 apud
1028 417 1275 476 Siciliam
1302 467 1319 491 ,

48 505 302 585 quamvis
321 503 588 585 flagrante
605 502 785 560 adhuc
804 504 1108 559 Poenorum
1130 501 1283 561 bello
1301 551 1318 576 ,

47 588 377 669 accepimus,
445 586 708 645 Tiberius
749 634 765 658 ‚
813 584 967 644 cultu
1009 585 1321 667 habituque

48 677 162 752 ejus
204 671 422 730 lenibus
460 670 642 728 verbis
683 671 964 753 perstricto
992 717 1013 742 ,
1053 672 1325 731 acerrime

45 754 324 838 increpuit
342 802 358 826 ‚
383 753 539 834 quod
562 775 756 813 contra
778 754 1024 812 instituta
1047 754 1281 837 Augusti
1305 801 1326 828 ‚

46 861 162 897 non
211 837 406 920 sponte
457 838 725 921 Principis
772 837 1179 897 Alexandriam
1231 840 1325 898 inv-

47 917 258 982 troiffet
282 947 294 979 ε
325 945 459 980 nam
483 921 760 1006 Augustus
784 971 801 995 ,
828 923 975 981 inter
999 922 1107 982 alia
1134 923 1328 984 domi-

44 1005 287 1065 nationis
320 1029 517 1064 arcana
548 1054 563 1078 ‚
606 1007 793 1066 vetitis
818 1055 835 1079 ,
878 1006 977 1064 nisi
1017 1006 1281 1090 permiffu
1306 1054 1329 1082 ,

45 1087 267 1171 ingredi
284 1089 626 1151 senatoribus
644 1113 737 1151 aut
754 1090 1034 1172 equitibus
1048 1093 1327 1152 Romanis

42 1171 361 1234 inlustribus
381 1223 396 1247 ,
434 1173 674 1258 seposuit
697 1179 1000 1258 AEgyptum
1023 1201 1036 1233 z
1071 1200 1143 1236 ne
1170 1175 1325 1237 fame

45 1279 271 1340 urgeret
318 1257 541 1317 Italiam
577 1308 593 1331 ‚
645 1258 891 1341 quisquis
937 1282 1062 1319 eam
1103 1261 1326 1344 provin-

44 1340 192 1400 ciam
210 1391 228 1415 ,
257 1341 595 1422 claustraque
621 1363 776 1402 terrae
800 1367 861 1401 ac
887 1344 1054 1402 maris
1075 1391 1093 1416 ‚
1128 1368 1326 1425 quam-

44 1424 126 1484 vis
152 1424 262 1486 levi
291 1425 540 1509 praesidio
566 1426 864 1488 adversum
887 1427 1149 1511 ingentes
1175 1451 1330 1497 exer-¹

43 1508 188 1570 citus
226 1508 529 1570 insedisset.

128 1596 254 1654 LX.
277 1596 385 1653 SED
410 1596 822 1653 GERMANICUS
841 1641 857 1666 ,
881 1593 1143 1654 nondum
1167 1619 1331 1655 com-

46 1699 210 1764 perto
256 1676 670 1761 profedfionem
708 1700 834 1738 eam
870 1676 1146 1751 incusari,
1191 1679 1329 1740 Nilo

44 1762 459 1824 subvehebatur
485 1811 502 1835 ‚
548 1759 697 1819 orsus
742 1761 954 1844 oppido
991 1785 1022 1820 a
1067 1765 1332 1846 Canopo·

23 1846 386 1916 -Condidere
414 1845 475 1903 id
500 1847 750 1927 Spartam
772 1892 789 1916 ,
814 1844 889 1903 ob
909 1843 1190 1927 sepultum
1214 1847 1334 1907 illic

0 2006 2 2010 μ
47 1935 327 1992 tectorem
364 1929 517 1988 navis
547 1931 853 2011 Canopum
881 1952 897 2008 3
939 1927 1050 2010 qua
1085 1929 1333 2015 tempes-

49 2035 165 2076 tate
186 2012 484 2075 Menelaus
524 2013 800 2072 Graeciam
825 2034 1083 2096 repetens
1101 2063 1118 2088 ,
1149 2015 1333 2076 diver-

49 2097 176 2159 sum
191 2098 263 2159 ad
285 2120 439 2158 mare
463 2118 783 2179 terramque
805 2098 1045 2177 Libyam
1065 2099 1335 2182 dejectus,

49 2184 196 2244 Inde
234 2183 555 2267 proximum
584 2183 764 2243 amnis
803 2205 863 2241 os
905 2182 1154 2242 dicatum
1187 2188 1336 2245 Her-

48 2268 204 2342 culi,
247 2291 420 2349 quem
450 2267 729 2351 indigenae
771 2288 961 2326 ortum
1003 2267 1150 2350 apud
1187 2267 1241 2328 se
1276 2277 1335 2329 &

48 2352 498 2435 antiquiffimum
548 2352 887 2435 perhibent3
938 2351 1141 2434 eosque
1174 2401 1190 2426 ‚
1235 2353 1334 2434 qui

47 2439 242 2521 postea
265 2438 380 2520 pari
405 2438 608 2497 virtute
629 2435 840 2497 fuerint
856 2485 872 2510 ‚
902 2436 960 2494 in
984 2460 1333 2520 cognomen-

53 2541 176 2580 tum
222 2529 335 2602 ejus
386 2521 669 2581 adscitos:
720 2545 853 2580 mox
900 2520 1022 2581 vifit
1072 2543 1331 2581 veterum

53 2605 385 2678 Thebarum
408 2630 615 2692 magna
636 2607 865 2692 vestigia
889 2631 902 2666 ς
938 2615 996 2670 &
1019 2604 1331 2672 manebant

1341 266 1545 303 =====ffl

1385 412 1495 451 772·

1372 477 1407 515 J,
1453 476 1509 520 C·

1399 556 1476 597 19.
