1682 3110
259 128 423 224 xxij
547 125 608 195 P
643 127 835 197 RAE
868 126 1018 196 FA
1049 110 1292 199 Tm.

252 245 525 312 virtutes
553 294 573 330 ,
619 264 941 332 urgerem.
981 239 1115 307 Sed
1136 239 1478 312 Ferretum
1504 273 1531 332 -,

252 335 542 428 aliosque
575 336 641 404 id
676 359 880 427 genus
911 336 1210 402 homines
1238 387 1261 423 ,
1303 335 1527 409 Taciti

249 429 642 503 latinitatem
674 427 937 522 culpare
971 431 1113 519 quis
1141 430 1348 516 ferat?
1389 433 1526 504 Eos

248 548 471 595 tamen
494 527 770 595 refutare
791 523 1016 616 pudet.
1039 523 1251 615 quue
1273 529 1526 620 prorsus

248 619 482 690 inutile
507 673 528 708 ,
575 625 724 689 cum
757 619 1062 687 Muretus
1094 626 1138 706 Ι,
1184 618 1523 694 latinitatis

244 722 320 785 δε
351 714 694 784 latinarum
728 711 1199 807 elegantiarum
1227 719 1524 808 peritiffi-

242 836 388 879 mus
412 809 899 904 judexffartes
930 806 1071 877 illas
1098 808 1335 902 magna
1367 837 1521 881 cum

238 902 434 974 laude
474 904 1051 999 praeoccupaverit.
1108 903 1267 973 Hoc
1312 932 1518 976 unum

237 999 552 1069 addidero
594 1002 758 1069 inter
793 1000 1137 1067 Romanos
1177 999 1518 1093 scriptores

237 1093 497 1162 nullum
527 1095 653 1164 effe
681 1092 1038 1163 verborum
1069 1096 1518 1166 concinnitate

232 1196 308 1262 ,ἃ
332 1187 675 1283 splendore
703 1190 948 1257 Tacito
980 1190 1512 1282 comparandum.

329 1286 716 1353 GRAVIORA
752 1285 897 1352 sunt
937 1284 1264 1352 mendacii
1291 1288 1516 1353 crimi-

231 1400 361 1447 na:
412 1404 629 1472 neque
674 1379 946 1447 dixerim
987 1379 1302 1446 Tacitum
1349 1380 1513 1449 nihil

230 1475 361 1544 effe
388 1477 759 1544 mentitum.
812 1474 1189 1542 Commune
1220 1472 1386 1542 illud
1421 1479 1511 1544 est

228 1569 644 1638 mortalitatis
677 1570 911 1637 vitium
938 1620 961 1656 ,
1013 1568 1196 1659 quod
1237 1570 1510 1639 historiae

227 1665 572 1760 scriptores
616 1666 685 1731 in
734 1661 913 1732 tanta
956 1686 1168 1731 rerum
1212 1662 1512 1733 multitu-

230 1759 386 1830 dine
418 1811 440 1847 ,
496 1752 895 1847 humanique
936 1761 1186 1849 ingenii
1231 1761 1505 1828 infirmi-

226 1876 362 1923 tate
386 1907 406 1943 ,
450 1861 518 1923 ὃζ
545 1851 631 1921 ob
663 1850 1012 1944 caliginem
1039 1855 1295 1919 veritati
1327 1855 1501 1920 offu-

225 1950 356 2019 sam
374 2001 395 2037 9
422 1951 533 2017 vix
551 1949 888 2039 effugiant.
905 1945 1273 2014 Proclivior
1295 1947 1506 2018 adhuc

225 2068 407 2113 error
439 2097 460 2131 ‚
523 2042 637 2110 ubi
695 2041 1046 2110 intercedit
1104 2040 1502 2133 religionum

219 2138 572 2207 diversitas.
658 2137 824 2214 Inde
883 2137 1158 2205 Tacitus
1208 2135 1358 2204 falsa
1417 2137 1501 2208 de

221 2234 599 2306 ‚Christianis
622 2285 643 2322 ,
677 2231 943 2300 absurda
966 2232 1048 2300 de
1075 2231 1311 2304 Judaeis
1339 2257 1499 2326 pro-

290 2414 305 2437 ¹
345 2410 452 2459 Hac
473 2410 528 2458 de
549 2428 595 2458 re
615 2408 823 2457 &Taciti
894 2411 1011 2458 inter
1030 2410 1123 2469 ejus
1147 2412 1377 2459 orationes
1400 2413 1500 2461 edi-

219 2477 427 2529 laudibus
454 2479 710 2524 orationcm
737 2476 824 2523 ha-
895 2493 957 2525 tas
996 2476 1158 2541 Lipfiae
1195 2493 1320 2524 anno
1356 2484 1499 2537 1698.

222 2544 550 2606 buitMu1·etuS‚
567 2560 705 2611 quam
721 2543 823 2593 vide
892 2543 1036 2592 Toni.
1061 2543 1121 2592 Π.
1147 2559 1257 2609 pag.
1281 2560 1333 2608 35
1347 2562 1389 2608 3.
