<?xml version="1.0" encoding="UTF-8"?>
<!DOCTYPE html PUBLIC "-//W3C//DTD XHTML 1.0 Transitional//EN"
    "http://www.w3.org/TR/xhtml1/DTD/xhtml1-transitional.dtd">
<html xmlns="http://www.w3.org/1999/xhtml" xml:lang="en" lang="en">
 <head>
  <title>
</title>
<meta http-equiv="Content-Type" content="text/html;charset=utf-8" />
  <meta name='ocr-system' content='tesseract 3.04.00' />
  <meta name='ocr-capabilities' content='ocr_page ocr_carea ocr_par ocr_line ocrx_word'/>
</head>
<body>
  <div class='ocr_page' id='page_1' title='image "./ccorneliitacitio01taci_0150.png"; bbox 0 0 1639 3115; ppageno 0'>
   <div class='ocr_carea' id='block_1_1' title="bbox 325 153 1427 214">
    <p class='ocr_par' dir='ltr' id='par_1_1' title="bbox 325 153 1427 214">
     <span class='ocr_line' id='line_1_1' title="bbox 325 153 1427 214; baseline 0.003 -5"><span class='ocrx_word' id='word_1_1' title='bbox 325 168 400 210; x_wconf 84' lang='lat'>20</span> <span class='ocrx_word' id='word_1_2' title='bbox 487 153 558 210; x_wconf 89' lang='lat' dir='ltr'>C.</span> <span class='ocrx_word' id='word_1_3' title='bbox 605 153 1058 212; x_wconf 78' lang='lat' dir='ltr'>CORNELII</span> <span class='ocrx_word' id='word_1_4' title='bbox 1120 154 1427 214; x_wconf 83' lang='lat' dir='ltr'>TAC1T1</span> 
     </span>
    </p>
   </div>
   <div class='ocr_carea' id='block_1_2' title="bbox 100 251 1587 396">
    <p class='ocr_par' dir='ltr' id='par_1_2' title="bbox 100 251 1587 396">
     <span class='ocr_line' id='line_1_2' title="bbox 100 251 1587 337; baseline 0.001 -26"><span class='ocrx_word' id='word_1_5' title='bbox 100 279 295 318; x_wconf 44' lang='grc' dir='ltr'>,ἓ</span> <span class='ocrx_word' id='word_1_6' title='bbox 317 252 554 336; x_wconf 85' lang='lat' dir='ltr'>agitaret</span> <span class='ocrx_word' id='word_1_7' title='bbox 585 299 603 326; x_wconf 84' lang='lat'>‚</span> <span class='ocrx_word' id='word_1_8' title='bbox 655 251 1034 335; x_wconf 83' lang='lat' dir='ltr'>Pollionisque</span> <span class='ocrx_word' id='word_1_9' title='bbox 1090 252 1269 314; x_wconf 80' lang='lat' dir='ltr'>Asinii</span> <span class='ocrx_word' id='word_1_10' title='bbox 1302 300 1321 326; x_wconf 89' lang='lat'>,</span> <span class='ocrx_word' id='word_1_11' title='bbox 1373 254 1541 337; x_wconf 85' lang='lat' dir='ltr'>patris</span> <span class='ocrx_word' id='word_1_12' title='bbox 1570 284 1587 328; x_wconf 69' lang='lat'>3</span> 
     </span>
     <span class='ocr_line' id='line_1_3' title="bbox 100 333 992 396; baseline -0.001 0"><span class='ocrx_word' id='word_1_13' title='bbox 100 339 152 382; x_wconf 66' lang='grc' dir='ltr'>Α·</span> <span class='ocrx_word' id='word_1_14' title='bbox 173 343 223 382; x_wconf 85' lang='lat' dir='ltr'>U·</span> <span class='ocrx_word' id='word_1_15' title='bbox 246 343 295 383; x_wconf 89' lang='lat' dir='ltr'>C.</span> <span class='ocrx_word' id='word_1_16' title='bbox 319 335 590 396; x_wconf 77' lang='lat' dir='ltr'>ferociam</span> <span class='ocrx_word' id='word_1_17' title='bbox 625 337 909 396; x_wconf 91' lang='lat' dir='ltr'>retineret.</span> <span class='ocrx_word' id='word_1_18' title='bbox 982 333 992 339; x_wconf 23' lang='lat' dir='ltr'>i</span> 
     </span>
    </p>
   </div>
   <div class='ocr_carea' id='block_1_3' title="bbox 145 410 254 460">
    <p class='ocr_par' dir='ltr' id='par_1_3' title="bbox 145 410 254 460">
     <span class='ocr_line' id='line_1_4' title="bbox 145 410 254 460; baseline -0.018 -4"><span class='ocrx_word' id='word_1_19' title='bbox 145 410 254 460; x_wconf 82' lang='lat'><strong><em>767.</em></strong></span> 
     </span>
    </p>
   </div>
   <div class='ocr_carea' id='block_1_4' title="bbox 213 486 1611 586">
    <p class='ocr_par' dir='ltr' id='par_1_4' title="bbox 213 486 1611 586">
     <span class='ocr_line' id='line_1_5' title="bbox 213 486 1611 586; baseline 0 -24"><span class='ocrx_word' id='word_1_20' title='bbox 213 486 263 527; x_wconf 89' lang='lat' dir='ltr'>C.</span> <span class='ocrx_word' id='word_1_21' title='bbox 317 503 565 564; x_wconf 68' lang='lat' dir='ltr'>multum</span> <span class='ocrx_word' id='word_1_22' title='bbox 590 502 901 586; x_wconf 79' lang='lat' dir='ltr'>discrepans</span> <span class='ocrx_word' id='word_1_23' title='bbox 928 528 958 562; x_wconf 86' lang='lat' dir='ltr'>a</span> <span class='ocrx_word' id='word_1_24' title='bbox 981 502 1135 561; x_wconf 86' lang='lat' dir='ltr'>Galli</span> <span class='ocrx_word' id='word_1_25' title='bbox 1163 504 1415 562; x_wconf 88' lang='lat' dir='ltr'>oratione</span> <span class='ocrx_word' id='word_1_26' title='bbox 1441 550 1458 574; x_wconf 88' lang='lat'>,</span> <span class='ocrx_word' id='word_1_27' title='bbox 1495 525 1611 585; x_wconf 47' lang='lat' dir='ltr'>pe»</span> 
     </span>
    </p>
   </div>
   <div class='ocr_carea' id='block_1_5' title="bbox 407 417 1591 493">
    <p class='ocr_par' dir='ltr' id='par_1_5' title="bbox 407 417 1591 493">
     <span class='ocr_line' id='line_1_6' title="bbox 407 417 1591 493; baseline -0.002 -14"><span class='ocrx_word' id='word_1_28' title='bbox 407 422 569 480; x_wconf 90' lang='lat' dir='ltr'><strong>XIII.</strong></span> <span class='ocrx_word' id='word_1_29' title='bbox 592 423 633 478; x_wconf 91' lang='lat' dir='ltr'>P</span> <span class='ocrx_word' id='word_1_30' title='bbox 650 443 684 477; x_wconf 93' lang='lat' dir='ltr'>o</span> <span class='ocrx_word' id='word_1_31' title='bbox 707 443 728 478; x_wconf 84' lang='lat' dir='ltr'>s</span> <span class='ocrx_word' id='word_1_32' title='bbox 747 443 781 478; x_wconf 85' lang='lat' dir='ltr'>T</span> <span class='ocrx_word' id='word_1_33' title='bbox 816 442 968 493; x_wconf 80' lang='lat' dir='ltr'>QUAE</span> <span class='ocrx_word' id='word_1_34' title='bbox 996 421 1060 478; x_wconf 88' lang='lat' dir='ltr'>L.</span> <span class='ocrx_word' id='word_1_35' title='bbox 1084 418 1380 478; x_wconf 79' lang='lat' dir='ltr'>Arruntius</span> <span class='ocrx_word' id='word_1_36' title='bbox 1401 466 1418 492; x_wconf 82' lang='lat'>,</span> <span class='ocrx_word' id='word_1_37' title='bbox 1440 417 1591 477; x_wconf 82' lang='lat' dir='ltr'>haud</span> 
     </span>
    </p>
   </div>
   <div class='ocr_carea' id='block_1_6' title="bbox 193 565 1591 667">
    <p class='ocr_par' dir='ltr' id='par_1_6' title="bbox 193 565 1591 667">
     <span class='ocr_line' id='line_1_7' title="bbox 193 565 1591 667; baseline -0.001 -21"><span class='ocrx_word' id='word_1_38' title='bbox 193 565 244 611; x_wconf 70' lang='lat'>&#39;4⁸</span> <span class='ocrx_word' id='word_1_39' title='bbox 315 587 477 647; x_wconf 88' lang='lat' dir='ltr'>rinde</span> <span class='ocrx_word' id='word_1_40' title='bbox 500 585 757 646; x_wconf 88' lang='lat' dir='ltr'>offendit.</span> <span class='ocrx_word' id='word_1_41' title='bbox 785 590 1153 667; x_wconf 81' lang='lat' dir='ltr'>Quamquam</span> <span class='ocrx_word' id='word_1_42' title='bbox 1176 587 1414 646; x_wconf 86' lang='lat' dir='ltr'>Tiberio</span> <span class='ocrx_word' id='word_1_43' title='bbox 1436 585 1591 645; x_wconf 86' lang='lat' dir='ltr'>nulla</span> 
     </span>
    </p>
   </div>
   <div class='ocr_carea' id='block_1_7' title="bbox 312 669 1591 922">
    <p class='ocr_par' dir='ltr' id='par_1_7' title="bbox 312 669 1591 922">
     <span class='ocr_line' id='line_1_8' title="bbox 314 669 1588 742; baseline -0.003 -11"><span class='ocrx_word' id='word_1_44' title='bbox 314 693 470 732; x_wconf 84' lang='lat' dir='ltr'>vetus</span> <span class='ocrx_word' id='word_1_45' title='bbox 515 673 574 729; x_wconf 90' lang='lat' dir='ltr'>in</span> <span class='ocrx_word' id='word_1_46' title='bbox 617 670 954 730; x_wconf 82' lang='lat' dir='ltr'>Arruntium</span> <span class='ocrx_word' id='word_1_47' title='bbox 988 673 1070 729; x_wconf 90' lang='lat' dir='ltr'>ira</span> <span class='ocrx_word' id='word_1_48' title='bbox 1107 695 1119 728; x_wconf 75' lang='grc' dir='ltr'>ε</span> <span class='ocrx_word' id='word_1_49' title='bbox 1167 669 1262 730; x_wconf 85' lang='lat' dir='ltr'>sed</span> <span class='ocrx_word' id='word_1_50' title='bbox 1303 670 1541 729; x_wconf 81' lang='lat' dir='ltr'>divitem</span> <span class='ocrx_word' id='word_1_51' title='bbox 1571 717 1588 742; x_wconf 89' lang='lat'>,</span> 
     </span>
     <span class='ocr_line' id='line_1_9' title="bbox 312 752 1591 839; baseline -0.002 -26"><span class='ocrx_word' id='word_1_52' title='bbox 312 777 644 839; x_wconf 86' lang='lat' dir='ltr'>promptum</span> <span class='ocrx_word' id='word_1_53' title='bbox 662 804 678 828; x_wconf 91' lang='lat'>,</span> <span class='ocrx_word' id='word_1_54' title='bbox 707 755 913 815; x_wconf 83' lang='lat' dir='ltr'>artibus</span> <span class='ocrx_word' id='word_1_55' title='bbox 932 754 1169 838; x_wconf 80' lang='lat' dir='ltr'>egregiis</span> <span class='ocrx_word' id='word_1_56' title='bbox 1190 803 1206 827; x_wconf 86' lang='lat'>,</span> <span class='ocrx_word' id='word_1_57' title='bbox 1230 763 1287 814; x_wconf 73' lang='grc' dir='ltr'>δε</span> <span class='ocrx_word' id='word_1_58' title='bbox 1304 755 1422 836; x_wconf 85' lang='lat' dir='ltr'>pari</span> <span class='ocrx_word' id='word_1_59' title='bbox 1438 752 1591 811; x_wconf 60' lang='lat' dir='ltr'>sama</span> 
     </span>
     <span class='ocr_line' id='line_1_10' title="bbox 314 837 1590 922; baseline -0.003 -24"><span class='ocrx_word' id='word_1_60' title='bbox 314 839 535 922; x_wconf 72' lang='lat' dir='ltr'>publice</span> <span class='ocrx_word' id='word_1_61' title='bbox 561 887 577 912; x_wconf 87' lang='lat'>,</span> <span class='ocrx_word' id='word_1_62' title='bbox 623 837 980 922; x_wconf 58' lang='lat' dir='ltr'>suspeetabat.</span> <span class='ocrx_word' id='word_1_63' title='bbox 1043 840 1270 921; x_wconf 80' lang='lat' dir='ltr'>Quippe</span> <span class='ocrx_word' id='word_1_64' title='bbox 1313 837 1590 920; x_wconf 82' lang='lat' dir='ltr'>Augustus</span> 
     </span>
    </p>
   </div>
   <div class='ocr_carea' id='block_1_8' title="bbox 313 920 1594 1006">
    <p class='ocr_par' dir='ltr' id='par_1_8' title="bbox 313 920 1594 1006">
     <span class='ocr_line' id='line_1_11' title="bbox 313 920 1594 1006; baseline -0.002 -25"><span class='ocrx_word' id='word_1_65' title='bbox 313 921 582 1006; x_wconf 77' lang='lat' dir='ltr'>supremis</span> <span class='ocrx_word' id='word_1_66' title='bbox 614 921 963 982; x_wconf 84' lang='lat' dir='ltr'>sermonibus</span> <span class='ocrx_word' id='word_1_67' title='bbox 989 920 1121 980; x_wconf 77' lang='lat' dir='ltr'>cum</span> <span class='ocrx_word' id='word_1_68' title='bbox 1147 927 1405 981; x_wconf 61' lang='lat' dir='ltr'>traetaret</span> <span class='ocrx_word' id='word_1_69' title='bbox 1425 969 1441 993; x_wconf 90' lang='lat'>,</span> <span class='ocrx_word' id='word_1_70' title='bbox 1478 943 1594 1001; x_wconf 77' lang='lat' dir='ltr'>qur-</span> 
     </span>
    </p>
   </div>
   <div class='ocr_carea' id='block_1_9' title="bbox 312 1003 1639 1171">
    <p class='ocr_par' dir='ltr' id='par_1_9' title="bbox 312 1003 1639 1171">
     <span class='ocr_line' id='line_1_12' title="bbox 312 1003 1639 1090; baseline -0.007 -24"><span class='ocrx_word' id='word_1_71' title='bbox 312 1031 449 1066; x_wconf 89' lang='lat' dir='ltr'>nam</span> <span class='ocrx_word' id='word_1_72' title='bbox 483 1005 710 1090; x_wconf 77' lang='lat' dir='ltr'>adipisci</span> <span class='ocrx_word' id='word_1_73' title='bbox 738 1008 1051 1090; x_wconf 86' lang='lat' dir='ltr'>principem</span> <span class='ocrx_word' id='word_1_74' title='bbox 1089 1005 1280 1065; x_wconf 89' lang='lat' dir='ltr'>locum</span> <span class='ocrx_word' id='word_1_75' title='bbox 1312 1003 1592 1064; x_wconf 62' lang='lat' dir='ltr'>sufferstmi</span> <span class='ocrx_word' id='word_1_76' title='bbox 1638 1047 1639 1057; x_wconf 19' lang='lat' dir='ltr'>i</span> 
     </span>
     <span class='ocr_line' id='line_1_13' title="bbox 313 1087 1639 1171; baseline -0.002 -22"><span class='ocrx_word' id='word_1_77' title='bbox 313 1091 668 1164; x_wconf 75' lang='lat' dir='ltr'>abnuerent,</span> <span class='ocrx_word' id='word_1_78' title='bbox 720 1112 815 1150; x_wconf 88' lang='lat' dir='ltr'>aut</span> <span class='ocrx_word' id='word_1_79' title='bbox 875 1091 1116 1171; x_wconf 87' lang='lat' dir='ltr'>impares</span> <span class='ocrx_word' id='word_1_80' title='bbox 1170 1089 1382 1149; x_wconf 73' lang='lat' dir='ltr'>vellent</span> <span class='ocrx_word' id='word_1_81' title='bbox 1425 1136 1442 1160; x_wconf 81' lang='grc'>,</span> <span class='ocrx_word' id='word_1_82' title='bbox 1499 1087 1593 1148; x_wconf 88' lang='lat' dir='ltr'>vel</span> <span class='ocrx_word' id='word_1_83' title='bbox 1637 1148 1639 1169; x_wconf 32' lang='lat'>4</span> 
     </span>
    </p>
   </div>
   <div class='ocr_carea' id='block_1_10' title="bbox 310 1172 1639 1341">
    <p class='ocr_par' dir='ltr' id='par_1_10' title="bbox 310 1172 1639 1341">
     <span class='ocr_line' id='line_1_14' title="bbox 310 1172 1639 1258; baseline -0.002 -26"><span class='ocrx_word' id='word_1_84' title='bbox 310 1174 493 1234; x_wconf 80' lang='lat' dir='ltr'>iidem</span> <span class='ocrx_word' id='word_1_85' title='bbox 525 1172 742 1258; x_wconf 70' lang='lat' dir='ltr'>possent</span> <span class='ocrx_word' id='word_1_86' title='bbox 771 1193 1150 1257; x_wconf 82' lang='lat' dir='ltr'>cuperentque</span> <span class='ocrx_word' id='word_1_87' title='bbox 1182 1198 1194 1231; x_wconf 74' lang='grc' dir='ltr'>ε</span> <span class='ocrx_word' id='word_1_88' title='bbox 1246 1201 1279 1224; x_wconf 81' lang='lat' dir='ltr'>cc</span> <span class='ocrx_word' id='word_1_89' title='bbox 1306 1173 1397 1231; x_wconf 91' lang='lat' dir='ltr'>M.</span> <span class='ocrx_word' id='word_1_90' title='bbox 1420 1172 1591 1255; x_wconf 71' lang='lat' dir='ltr'>Lepi·</span> <span class='ocrx_word' id='word_1_91' title='bbox 1638 1181 1639 1201; x_wconf 67' lang='lat'>³</span> 
     </span>
     <span class='ocr_line' id='line_1_15' title="bbox 311 1254 1639 1341; baseline 0.001 -27"><span class='ocrx_word' id='word_1_92' title='bbox 311 1259 499 1317; x_wconf 62' lang='lat' dir='ltr'>nodum</span> <span class='ocrx_word' id='word_1_93' title='bbox 540 1259 753 1319; x_wconf 79' lang='lat' dir='ltr'>dixerat</span> <span class='ocrx_word' id='word_1_94' title='bbox 793 1280 1056 1341; x_wconf 80' lang='lat' dir='ltr'>capacem</span> <span class='ocrx_word' id='word_1_95' title='bbox 1098 1305 1114 1329; x_wconf 86' lang='lat'>,</span> <span class='ocrx_word' id='word_1_96' title='bbox 1152 1254 1250 1316; x_wconf 86' lang='lat' dir='ltr'>sed</span> <span class='ocrx_word' id='word_1_97' title='bbox 1294 1254 1590 1338; x_wconf 84' lang='lat' dir='ltr'>aspernan-</span> <span class='ocrx_word' id='word_1_98' title='bbox 1638 1310 1639 1315; x_wconf 75' lang='grc'>,</span> 
     </span>
    </p>
   </div>
   <div class='ocr_carea' id='block_1_11' title="bbox 309 1339 1595 2512">
    <p class='ocr_par' dir='ltr' id='par_1_11' title="bbox 309 1339 1595 2512">
     <span class='ocr_line' id='line_1_16' title="bbox 313 1339 1591 1413; baseline 0.002 -16"><span class='ocrx_word' id='word_1_99' title='bbox 313 1364 480 1403; x_wconf 67' lang='lat' dir='ltr'>sotem</span> <span class='ocrx_word' id='word_1_100' title='bbox 530 1368 542 1400; x_wconf 74' lang='grc' dir='ltr'>ε</span> <span class='ocrx_word' id='word_1_101' title='bbox 589 1343 822 1401; x_wconf 90' lang='lat' dir='ltr'>Gallum</span> <span class='ocrx_word' id='word_1_102' title='bbox 871 1340 1131 1400; x_wconf 79' lang='lat' dir='ltr'>Asinium</span> <span class='ocrx_word' id='word_1_103' title='bbox 1158 1388 1175 1413; x_wconf 89' lang='lat'>,</span> <span class='ocrx_word' id='word_1_104' title='bbox 1219 1339 1450 1399; x_wconf 85' lang='lat' dir='ltr'>avidum</span> <span class='ocrx_word' id='word_1_105' title='bbox 1471 1387 1488 1412; x_wconf 88' lang='lat'>,</span> <span class='ocrx_word' id='word_1_106' title='bbox 1536 1360 1591 1399; x_wconf 88' lang='lat' dir='ltr'>at</span> 
     </span>
     <span class='ocr_line' id='line_1_17' title="bbox 311 1423 1592 1497; baseline -0.001 -14"><span class='ocrx_word' id='word_1_107' title='bbox 311 1428 646 1485; x_wconf 64' lang='lat' dir='ltr'>mminorem</span> <span class='ocrx_word' id='word_1_108' title='bbox 699 1452 711 1484; x_wconf 74' lang='grc' dir='ltr'>ε</span> <span class='ocrx_word' id='word_1_109' title='bbox 752 1429 819 1484; x_wconf 90' lang='lat' dir='ltr'>L.</span> <span class='ocrx_word' id='word_1_110' title='bbox 856 1424 1231 1497; x_wconf 79' lang='lat' dir='ltr'>Arruntium,</span> <span class='ocrx_word' id='word_1_111' title='bbox 1273 1448 1390 1482; x_wconf 92' lang='lat' dir='ltr'>non</span> <span class='ocrx_word' id='word_1_112' title='bbox 1439 1423 1592 1482; x_wconf 86' lang='lat' dir='ltr'>indi-</span> 
     </span>
     <span class='ocr_line' id='line_1_18' title="bbox 311 1506 1591 1593; baseline -0.001 -25"><span class='ocrx_word' id='word_1_113' title='bbox 311 1540 348 1565; x_wconf 71' lang='grc' dir='ltr'>ευ</span> <span class='ocrx_word' id='word_1_114' title='bbox 361 1534 537 1593; x_wconf 80' lang='lat' dir='ltr'>gnum</span> <span class='ocrx_word' id='word_1_115' title='bbox 562 1559 577 1582; x_wconf 87' lang='lat'>,</span> <span class='ocrx_word' id='word_1_116' title='bbox 623 1518 679 1570; x_wconf 61' lang='grc' dir='ltr'>δε</span> <span class='ocrx_word' id='word_1_117' title='bbox 705 1559 720 1581; x_wconf 83' lang='grc'>,</span> <span class='ocrx_word' id='word_1_118' title='bbox 751 1508 790 1567; x_wconf 87' lang='lat' dir='ltr'>fi</span> <span class='ocrx_word' id='word_1_119' title='bbox 807 1507 955 1566; x_wconf 86' lang='lat' dir='ltr'>casus</span> <span class='ocrx_word' id='word_1_120' title='bbox 975 1507 1197 1567; x_wconf 81' lang='lat' dir='ltr'>daretur</span> <span class='ocrx_word' id='word_1_121' title='bbox 1217 1556 1233 1580; x_wconf 89' lang='lat'>,</span> <span class='ocrx_word' id='word_1_122' title='bbox 1253 1506 1512 1567; x_wconf 85' lang='lat' dir='ltr'>ausurum</span> <span class='ocrx_word' id='word_1_123' title='bbox 1531 1537 1591 1567; x_wconf 68' lang='lat' dir='ltr'>ao.</span> 
     </span>
     <span class='ocr_line' id='line_1_19' title="bbox 312 1591 1591 1676; baseline -0.002 -23"><span class='ocrx_word' id='word_1_124' title='bbox 312 1595 409 1653; x_wconf 90' lang='lat' dir='ltr'>De</span> <span class='ocrx_word' id='word_1_125' title='bbox 442 1593 718 1676; x_wconf 86' lang='lat' dir='ltr'>prioribus</span> <span class='ocrx_word' id='word_1_126' title='bbox 751 1591 1111 1650; x_wconf 80' lang='lat' dir='ltr'>consentitur.</span> <span class='ocrx_word' id='word_1_127' title='bbox 1170 1595 1276 1650; x_wconf 84' lang='lat' dir='ltr'>Pro</span> <span class='ocrx_word' id='word_1_128' title='bbox 1314 1591 1591 1651; x_wconf 85' lang='lat' dir='ltr'>Arruntio</span> 
     </span>
     <span class='ocr_line' id='line_1_20' title="bbox 310 1673 1593 1760; baseline -0.003 -24"><span class='ocrx_word' id='word_1_129' title='bbox 310 1677 550 1760; x_wconf 88' lang='lat' dir='ltr'>quidam</span> <span class='ocrx_word' id='word_1_130' title='bbox 578 1680 691 1737; x_wconf 86' lang='lat' dir='ltr'>Cn.</span> <span class='ocrx_word' id='word_1_131' title='bbox 717 1675 979 1735; x_wconf 88' lang='lat' dir='ltr'>Pisonem</span> <span class='ocrx_word' id='word_1_132' title='bbox 1004 1674 1285 1735; x_wconf 83' lang='lat' dir='ltr'>tradidere</span> <span class='ocrx_word' id='word_1_133' title='bbox 1311 1721 1331 1747; x_wconf 84' lang='lat'>,-</span> <span class='ocrx_word' id='word_1_134' title='bbox 1371 1673 1593 1734; x_wconf 79' lang='lat' dir='ltr'>omnes-</span> 
     </span>
     <span class='ocr_line' id='line_1_21' title="bbox 313 1759 1594 1845; baseline -0.003 -25"><span class='ocrx_word' id='word_1_135' title='bbox 313 1785 424 1844; x_wconf 87' lang='lat' dir='ltr'>que</span> <span class='ocrx_word' id='word_1_136' title='bbox 452 1783 646 1845; x_wconf 84' lang='lat' dir='ltr'>praeter</span> <span class='ocrx_word' id='word_1_137' title='bbox 676 1760 961 1843; x_wconf 88' lang='lat' dir='ltr'>Lepidum</span> <span class='ocrx_word' id='word_1_138' title='bbox 991 1807 1007 1832; x_wconf 93' lang='lat'>,</span> <span class='ocrx_word' id='word_1_139' title='bbox 1051 1759 1213 1819; x_wconf 88' lang='lat' dir='ltr'>variis</span> <span class='ocrx_word' id='word_1_140' title='bbox 1243 1781 1376 1818; x_wconf 83' lang='lat' dir='ltr'>mox</span> <span class='ocrx_word' id='word_1_141' title='bbox 1405 1759 1594 1817; x_wconf 64' lang='lat' dir='ltr'>crimi⁴</span> 
     </span>
     <span class='ocr_line' id='line_1_22' title="bbox 312 1842 1595 1916; baseline -0.002 -12"><span class='ocrx_word' id='word_1_142' title='bbox 312 1845 480 1904; x_wconf 85' lang='lat' dir='ltr'>nibus</span> <span class='ocrx_word' id='word_1_143' title='bbox 515 1893 531 1916; x_wconf 89' lang='lat'>,</span> <span class='ocrx_word' id='word_1_144' title='bbox 588 1846 828 1904; x_wconf 87' lang='lat' dir='ltr'>struente</span> <span class='ocrx_word' id='word_1_145' title='bbox 873 1843 1112 1902; x_wconf 85' lang='lat' dir='ltr'>Tiberio</span> <span class='ocrx_word' id='word_1_146' title='bbox 1145 1892 1162 1916; x_wconf 88' lang='lat'>,</span> <span class='ocrx_word' id='word_1_147' title='bbox 1221 1842 1595 1903; x_wconf 86' lang='lat' dir='ltr'>circumventi</span> 
     </span>
     <span class='ocr_line' id='line_1_23' title="bbox 309 1926 1592 2002; baseline -0.001 -15"><span class='ocrx_word' id='word_1_148' title='bbox 309 1927 454 1987; x_wconf 86' lang='lat' dir='ltr'>sunt.</span> <span class='ocrx_word' id='word_1_149' title='bbox 508 1929 693 1986; x_wconf 69' lang='lat' dir='ltr'>Etiam</span> <span class='ocrx_word' id='word_1_150' title='bbox 724 1929 799 2002; x_wconf 81' lang='lat' dir='ltr'>Q.</span> <span class='ocrx_word' id='word_1_151' title='bbox 824 1926 1083 1984; x_wconf 87' lang='lat' dir='ltr'>Haterius</span> <span class='ocrx_word' id='word_1_152' title='bbox 1109 1974 1125 1998; x_wconf 89' lang='lat'>‚</span> <span class='ocrx_word' id='word_1_153' title='bbox 1166 1934 1224 1986; x_wconf 73' lang='grc' dir='ltr'>δε</span> <span class='ocrx_word' id='word_1_154' title='bbox 1262 1927 1592 1986; x_wconf 85' lang='lat' dir='ltr'>Mamercus</span> 
     </span>
     <span class='ocr_line' id='line_1_24' title="bbox 310 2009 1590 2093; baseline -0.001 -23"><span class='ocrx_word' id='word_1_155' title='bbox 310 2015 563 2083; x_wconf 83' lang='lat' dir='ltr'>Scaurus,</span> <span class='ocrx_word' id='word_1_156' title='bbox 580 2009 915 2093; x_wconf 88' lang='lat' dir='ltr'>suspicacem</span> <span class='ocrx_word' id='word_1_157' title='bbox 935 2010 1191 2069; x_wconf 88' lang='lat' dir='ltr'>animum</span> <span class='ocrx_word' id='word_1_158' title='bbox 1212 2010 1590 2092; x_wconf 84' lang='lat' dir='ltr'>perstrinxere:</span> 
     </span>
     <span class='ocr_line' id='line_1_25' title="bbox 313 2090 1588 2176; baseline 0 -23"><span class='ocrx_word' id='word_1_159' title='bbox 313 2095 573 2154; x_wconf 89' lang='lat' dir='ltr'>Haterius</span> <span class='ocrx_word' id='word_1_160' title='bbox 613 2093 745 2153; x_wconf 72' lang='lat' dir='ltr'>cum</span> <span class='ocrx_word' id='word_1_161' title='bbox 775 2090 992 2152; x_wconf 84' lang='lat' dir='ltr'>dixiffet</span> <span class='ocrx_word' id='word_1_162' title='bbox 1014 2141 1032 2165; x_wconf 87' lang='lat'>,</span> <span class='ocrx_word' id='word_1_163' title='bbox 1077 2121 1110 2145; x_wconf 84' lang='lat' dir='ltr'>oc</span> <span class='ocrx_word' id='word_1_164' title='bbox 1137 2091 1448 2173; x_wconf 79' lang='lat' dir='ltr'>Quousque</span> <span class='ocrx_word' id='word_1_165' title='bbox 1491 2117 1588 2176; x_wconf 77' lang='lat' dir='ltr'>pa-</span> 
     </span>
     <span class='ocr_line' id='line_1_26' title="bbox 313 2175 1593 2259; baseline 0.002 -26"><span class='ocrx_word' id='word_1_166' title='bbox 313 2178 510 2238; x_wconf 66' lang='lat' dir='ltr'>mtieris</span> <span class='ocrx_word' id='word_1_167' title='bbox 536 2226 552 2251; x_wconf 90' lang='lat'>,</span> <span class='ocrx_word' id='word_1_168' title='bbox 587 2176 770 2237; x_wconf 64' lang='lat' dir='ltr'>Caesar</span> <span class='ocrx_word' id='word_1_169' title='bbox 792 2225 808 2250; x_wconf 89' lang='lat'>‚</span> <span class='ocrx_word' id='word_1_170' title='bbox 860 2200 977 2236; x_wconf 91' lang='lat' dir='ltr'>non</span> <span class='ocrx_word' id='word_1_171' title='bbox 1008 2175 1189 2236; x_wconf 75' lang='lat' dir='ltr'>adesse</span> <span class='ocrx_word' id='word_1_172' title='bbox 1213 2198 1377 2259; x_wconf 86' lang='lat' dir='ltr'>caput</span> <span class='ocrx_word' id='word_1_173' title='bbox 1405 2177 1593 2259; x_wconf 78' lang='lat' dir='ltr'>reipu-</span> 
     </span>
     <span class='ocr_line' id='line_1_27' title="bbox 312 2259 1591 2343; baseline 0.001 -24"><span class='ocrx_word' id='word_1_174' title='bbox 312 2262 515 2321; x_wconf 67' lang='lat' dir='ltr'>mblicae</span> <span class='ocrx_word' id='word_1_175' title='bbox 536 2291 570 2314; x_wconf 62' lang='grc' dir='ltr'>ο)</span> <span class='ocrx_word' id='word_1_176' title='bbox 602 2267 622 2322; x_wconf 89' lang='lat'>?</span> <span class='ocrx_word' id='word_1_177' title='bbox 652 2263 880 2321; x_wconf 76' lang='lat' dir='ltr'>Scaurus</span> <span class='ocrx_word' id='word_1_178' title='bbox 912 2261 1044 2342; x_wconf 85' lang='lat' dir='ltr'>quia</span> <span class='ocrx_word' id='word_1_179' title='bbox 1070 2260 1284 2321; x_wconf 75' lang='lat' dir='ltr'>dixerat</span> <span class='ocrx_word' id='word_1_180' title='bbox 1306 2308 1322 2333; x_wconf 84' lang='lat'>,</span> <span class='ocrx_word' id='word_1_181' title='bbox 1378 2289 1411 2312; x_wconf 79' lang='lat' dir='ltr'>oc</span> <span class='ocrx_word' id='word_1_182' title='bbox 1433 2259 1591 2343; x_wconf 88' lang='lat' dir='ltr'>spem</span> 
     </span>
     <span class='ocr_line' id='line_1_28' title="bbox 310 2342 1590 2407; baseline 0.003 -6"><span class='ocrx_word' id='word_1_183' title='bbox 310 2343 465 2407; x_wconf 69' lang='lat' dir='ltr'>messe</span> <span class='ocrx_word' id='word_1_184' title='bbox 518 2368 584 2404; x_wconf 85' lang='lat' dir='ltr'>ex</span> <span class='ocrx_word' id='word_1_185' title='bbox 633 2368 702 2405; x_wconf 90' lang='lat' dir='ltr'>eo</span> <span class='ocrx_word' id='word_1_186' title='bbox 755 2369 871 2404; x_wconf 89' lang='lat' dir='ltr'>non</span> <span class='ocrx_word' id='word_1_187' title='bbox 945 2345 1136 2404; x_wconf 83' lang='lat' dir='ltr'>inritas</span> <span class='ocrx_word' id='word_1_188' title='bbox 1196 2343 1319 2403; x_wconf 90' lang='lat' dir='ltr'>fore</span> <span class='ocrx_word' id='word_1_189' title='bbox 1374 2342 1590 2405; x_wconf 69' lang='lat' dir='ltr'>senatus</span> 
     </span>
     <span class='ocr_line' id='line_1_29' title="bbox 314 2426 1587 2512; baseline 0.004 -28"><span class='ocrx_word' id='word_1_190' title='bbox 314 2452 547 2512; x_wconf 75' lang='lat' dir='ltr'>:opreces</span> <span class='ocrx_word' id='word_1_191' title='bbox 594 2476 610 2500; x_wconf 85' lang='lat'>‚</span> <span class='ocrx_word' id='word_1_192' title='bbox 654 2429 810 2511; x_wconf 78' lang='lat' dir='ltr'>quod</span> <span class='ocrx_word' id='word_1_193' title='bbox 841 2428 1100 2489; x_wconf 87' lang='lat' dir='ltr'>relationi</span> <span class='ocrx_word' id='word_1_194' title='bbox 1139 2426 1432 2488; x_wconf 89' lang='lat' dir='ltr'>consulum</span> <span class='ocrx_word' id='word_1_195' title='bbox 1468 2435 1587 2510; x_wconf 88' lang='lat' dir='ltr'>jure</span> 
     </span>
    </p>
   </div>
   <div class='ocr_carea' id='block_1_12' title="bbox 250 2509 1603 2679">
    <p class='ocr_par' dir='ltr' id='par_1_12' title="bbox 250 2509 1603 2679">
     <span class='ocr_line' id='line_1_30' title="bbox 313 2509 1603 2595; baseline 0.003 -27"><span class='ocrx_word' id='word_1_196' title='bbox 313 2512 667 2572; x_wconf 68' lang='lat' dir='ltr'>:otribunimae</span> <span class='ocrx_word' id='word_1_197' title='bbox 688 2513 968 2595; x_wconf 87' lang='lat' dir='ltr'>potestatis</span> <span class='ocrx_word' id='word_1_198' title='bbox 988 2537 1102 2572; x_wconf 91' lang='lat' dir='ltr'>non</span> <span class='ocrx_word' id='word_1_199' title='bbox 1137 2509 1511 2573; x_wconf 85' lang='lat' dir='ltr'>intercessiffet</span> <span class='ocrx_word' id='word_1_200' title='bbox 1529 2543 1603 2572; x_wconf 56' lang='lat' dir='ltr'>»a</span> 
     </span>
     <span class='ocr_line' id='line_1_31' title="bbox 250 2596 1600 2679; baseline 0.001 -24"><span class='ocrx_word' id='word_1_201' title='bbox 250 2648 255 2655; x_wconf 81' lang='lat'><em>.</em></span> <span class='ocrx_word' id='word_1_202' title='bbox 308 2599 384 2665; x_wconf 82' lang='lat' dir='ltr'>In</span> <span class='ocrx_word' id='word_1_203' title='bbox 398 2596 694 2660; x_wconf 83' lang='lat' dir='ltr'>Haterium</span> <span class='ocrx_word' id='word_1_204' title='bbox 711 2598 895 2659; x_wconf 85' lang='lat' dir='ltr'>statim</span> <span class='ocrx_word' id='word_1_205' title='bbox 908 2597 1157 2660; x_wconf 57' lang='lat' dir='ltr'>invenitus</span> <span class='ocrx_word' id='word_1_206' title='bbox 1176 2600 1249 2660; x_wconf 89' lang='lat' dir='ltr'>est</span> <span class='ocrx_word' id='word_1_207' title='bbox 1265 2619 1283 2679; x_wconf 77' lang='lat'>3</span> <span class='ocrx_word' id='word_1_208' title='bbox 1300 2597 1600 2679; x_wconf 49' lang='lat' dir='ltr'>Scaurumj⁴⁴</span> 
     </span>
    </p>
   </div>
  </div>
 </body>
</html>
