<?xml version="1.0" encoding="UTF-8"?>
<!DOCTYPE html PUBLIC "-//W3C//DTD XHTML 1.0 Transitional//EN"
    "http://www.w3.org/TR/xhtml1/DTD/xhtml1-transitional.dtd">
<html xmlns="http://www.w3.org/1999/xhtml" xml:lang="en" lang="en">
 <head>
  <title>
</title>
<meta http-equiv="Content-Type" content="text/html;charset=utf-8" />
  <meta name='ocr-system' content='tesseract 3.04.00' />
  <meta name='ocr-capabilities' content='ocr_page ocr_carea ocr_par ocr_line ocrx_word'/>
</head>
<body>
  <div class='ocr_page' id='page_1' title='image "./ccorneliitacitio01taci_0418.png"; bbox 0 0 1639 3100; ppageno 0'>
   <div class='ocr_carea' id='block_1_1' title="bbox 333 108 1426 172">
    <p class='ocr_par' dir='ltr' id='par_1_1' title="bbox 333 108 1426 172">
     <span class='ocr_line' id='line_1_1' title="bbox 333 108 1426 172; baseline 0.004 -4"><span class='ocrx_word' id='word_1_1' title='bbox 333 115 444 168; x_wconf 73' lang='lat'><strong>288</strong></span> <span class='ocrx_word' id='word_1_2' title='bbox 520 108 592 170; x_wconf 88' lang='lat' dir='ltr'><strong>C.</strong></span> <span class='ocrx_word' id='word_1_3' title='bbox 634 111 1076 169; x_wconf 81' lang='lat' dir='ltr'>CORNEL11</span> <span class='ocrx_word' id='word_1_4' title='bbox 1126 109 1426 172; x_wconf 77' lang='lat' dir='ltr'><strong>TAci-rt</strong></span> 
     </span>
    </p>
   </div>
   <div class='ocr_carea' id='block_1_2' title="bbox 107 211 1595 377">
    <p class='ocr_par' dir='ltr' id='par_1_2' title="bbox 107 211 1595 377">
     <span class='ocr_line' id='line_1_2' title="bbox 107 211 1595 292; baseline 0.002 -21"><span class='ocrx_word' id='word_1_5' title='bbox 107 237 302 276; x_wconf 56' lang='grc' dir='ltr'>Ξ</span> <span class='ocrx_word' id='word_1_6' title='bbox 330 232 528 269; x_wconf 88' lang='lat' dir='ltr'><strong>eorum</strong></span> <span class='ocrx_word' id='word_1_7' title='bbox 551 257 567 282; x_wconf 83' lang='lat'>‚</span> <span class='ocrx_word' id='word_1_8' title='bbox 607 211 705 292; x_wconf 88' lang='lat' dir='ltr'><strong>qui</strong></span> <span class='ocrx_word' id='word_1_9' title='bbox 740 213 1062 271; x_wconf 90' lang='lat' dir='ltr'><strong>convivium</strong></span> <span class='ocrx_word' id='word_1_10' title='bbox 1088 212 1460 272; x_wconf 79' lang='lat' dir='ltr'><strong>celebrabant.</strong></span> <span class='ocrx_word' id='word_1_11' title='bbox 1500 216 1595 274; x_wconf 84' lang='lat' dir='ltr'><strong>Se·-</strong></span> 
     </span>
     <span class='ocr_line' id='line_1_3' title="bbox 111 288 1595 377; baseline 0.005 -27"><span class='ocrx_word' id='word_1_12' title='bbox 111 291 163 334; x_wconf 60' lang='grc' dir='ltr'><strong>Α·</strong></span> <span class='ocrx_word' id='word_1_13' title='bbox 182 292 230 330; x_wconf 82' lang='lat' dir='ltr'><strong>U..</strong></span> <span class='ocrx_word' id='word_1_14' title='bbox 251 288 299 327; x_wconf 87' lang='lat' dir='ltr'><strong>C.</strong></span> <span class='ocrx_word' id='word_1_15' title='bbox 328 300 483 375; x_wconf 91' lang='lat' dir='ltr'><strong>janus</strong></span> <span class='ocrx_word' id='word_1_16' title='bbox 511 316 658 375; x_wconf 88' lang='lat' dir='ltr'><strong>genu</strong></span> <span class='ocrx_word' id='word_1_17' title='bbox 681 343 697 366; x_wconf 84' lang='grc'>,</span> <span class='ocrx_word' id='word_1_18' title='bbox 728 295 996 375; x_wconf 85' lang='lat' dir='ltr'><strong>vultuque</strong></span> <span class='ocrx_word' id='word_1_19' title='bbox 1017 343 1033 368; x_wconf 83' lang='lat'>‚</span> <span class='ocrx_word' id='word_1_20' title='bbox 1075 305 1131 355; x_wconf 87' lang='lat'>&amp;</span> <span class='ocrx_word' id='word_1_21' title='bbox 1155 296 1412 353; x_wconf 88' lang='lat' dir='ltr'><strong>manibus</strong></span> <span class='ocrx_word' id='word_1_22' title='bbox 1438 293 1595 377; x_wconf 85' lang='lat' dir='ltr'><strong>supet</strong></span> 
     </span>
    </p>
   </div>
   <div class='ocr_carea' id='block_1_3' title="bbox 147 371 267 553">
    <p class='ocr_par' dir='ltr' id='par_1_3' title="bbox 147 371 267 553">
     <span class='ocr_line' id='line_1_4' title="bbox 147 371 258 414; baseline -0.027 -3"><span class='ocrx_word' id='word_1_23' title='bbox 147 371 258 414; x_wconf 79' lang='lat'><strong>779·</strong></span> 
     </span>
     <span class='ocr_line' id='line_1_5' title="bbox 147 438 267 480; baseline -0.033 0"><span class='ocrx_word' id='word_1_24' title='bbox 147 439 188 480; x_wconf 86' lang='lat' dir='ltr'><strong>J.</strong></span> <span class='ocrx_word' id='word_1_25' title='bbox 215 438 267 477; x_wconf 90' lang='lat' dir='ltr'><strong>C.</strong></span> 
     </span>
     <span class='ocr_line' id='line_1_6' title="bbox 168 509 244 553; baseline -0.013 0"><span class='ocrx_word' id='word_1_26' title='bbox 168 509 244 553; x_wconf 81' lang='lat'><strong>26.</strong></span> 
     </span>
    </p>
   </div>
   <div class='ocr_carea' id='block_1_4' title="bbox 329 375 1594 543">
    <p class='ocr_par' dir='ltr' id='par_1_4' title="bbox 329 375 1594 543">
     <span class='ocr_line' id='line_1_7' title="bbox 331 375 1594 460; baseline 0.002 -24"><span class='ocrx_word' id='word_1_27' title='bbox 331 375 607 436; x_wconf 80' lang='lat' dir='ltr'><strong>Caesarem</strong></span> <span class='ocrx_word' id='word_1_28' title='bbox 646 376 924 459; x_wconf 87' lang='lat' dir='ltr'><strong>suspensus</strong></span> <span class='ocrx_word' id='word_1_29' title='bbox 953 426 969 450; x_wconf 85' lang='lat'>‚</span> <span class='ocrx_word' id='word_1_30' title='bbox 1014 378 1270 460; x_wconf 85' lang='lat' dir='ltr'><strong>opposuit</strong></span> <span class='ocrx_word' id='word_1_31' title='bbox 1307 376 1416 436; x_wconf 88' lang='lat' dir='ltr'><strong>sese</strong></span> <span class='ocrx_word' id='word_1_32' title='bbox 1455 379 1594 438; x_wconf 85' lang='lat' dir='ltr'><strong>incl-</strong></span> 
     </span>
     <span class='ocr_line' id='line_1_8' title="bbox 329 461 1594 543; baseline 0.002 -24"><span class='ocrx_word' id='word_1_33' title='bbox 329 461 590 519; x_wconf 82' lang='lat' dir='ltr'>dentibus</span> <span class='ocrx_word' id='word_1_34' title='bbox 615 484 626 516; x_wconf 79' lang='lat' dir='ltr'><strong><em>z</em></strong></span> <span class='ocrx_word' id='word_1_35' title='bbox 666 482 831 540; x_wconf 88' lang='lat' dir='ltr'><strong>atque</strong></span> <span class='ocrx_word' id='word_1_36' title='bbox 858 461 1051 519; x_wconf 87' lang='lat' dir='ltr'><strong>habitu</strong></span> <span class='ocrx_word' id='word_1_37' title='bbox 1075 461 1171 519; x_wconf 85' lang='lat' dir='ltr'><strong>tali</strong></span> <span class='ocrx_word' id='word_1_38' title='bbox 1197 482 1443 543; x_wconf 82' lang='lat' dir='ltr'><strong>repertus</strong></span> <span class='ocrx_word' id='word_1_39' title='bbox 1470 463 1543 519; x_wconf 87' lang='lat' dir='ltr'><strong>est</strong></span> <span class='ocrx_word' id='word_1_40' title='bbox 1563 486 1594 521; x_wconf 90' lang='lat' dir='ltr'><strong>a</strong></span> 
     </span>
    </p>
   </div>
   <div class='ocr_carea' id='block_1_5' title="bbox 325 542 1639 625">
    <p class='ocr_par' dir='ltr' id='par_1_5' title="bbox 325 542 1639 625">
     <span class='ocr_line' id='line_1_9' title="bbox 325 542 1639 625; baseline 0.002 -23"><span class='ocrx_word' id='word_1_41' title='bbox 325 543 600 602; x_wconf 81' lang='lat' dir='ltr'>militibus</span> <span class='ocrx_word' id='word_1_42' title='bbox 625 589 641 614; x_wconf 84' lang='lat'>,</span> <span class='ocrx_word' id='word_1_43' title='bbox 684 545 781 623; x_wconf 90' lang='lat' dir='ltr'><strong>qui</strong></span> <span class='ocrx_word' id='word_1_44' title='bbox 813 542 1053 602; x_wconf 83' lang='lat' dir='ltr'><strong>subsidio</strong></span> <span class='ocrx_word' id='word_1_45' title='bbox 1082 565 1367 603; x_wconf 86' lang='lat' dir='ltr'><strong>venerant.</strong></span> <span class='ocrx_word' id='word_1_46' title='bbox 1405 546 1594 625; x_wconf 82' lang='lat' dir='ltr'><strong>Nlajor</strong></span> <span class='ocrx_word' id='word_1_47' title='bbox 1637 567 1639 573; x_wconf 93' lang='grc'><strong><em>·</em></strong></span> 
     </span>
    </p>
   </div>
   <div class='ocr_carea' id='block_1_6' title="bbox 307 626 1593 2702">
    <p class='ocr_par' dir='ltr' id='par_1_6' title="bbox 311 626 1593 1960">
     <span class='ocr_line' id='line_1_10' title="bbox 323 626 1593 707; baseline -0.001 -19"><span class='ocrx_word' id='word_1_48' title='bbox 323 651 390 688; x_wconf 82' lang='lat' dir='ltr'><strong>ex</strong></span> <span class='ocrx_word' id='word_1_49' title='bbox 417 650 525 704; x_wconf 76' lang='lat' dir='ltr'><strong>eo3</strong></span> <span class='ocrx_word' id='word_1_50' title='bbox 564 635 620 686; x_wconf 85' lang='lat'>&amp;</span> <span class='ocrx_word' id='word_1_51' title='bbox 656 650 1000 707; x_wconf 86' lang='lat' dir='ltr'><strong>quamquam</strong></span> <span class='ocrx_word' id='word_1_52' title='bbox 1040 626 1265 686; x_wconf 86' lang='lat' dir='ltr'><strong>exitiosa</strong></span> <span class='ocrx_word' id='word_1_53' title='bbox 1300 626 1552 687; x_wconf 82' lang='lat' dir='ltr'><strong>suaderet</strong></span> <span class='ocrx_word' id='word_1_54' title='bbox 1575 676 1593 702; x_wconf 85' lang='lat'><strong>,</strong></span> 
     </span>
     <span class='ocr_line' id='line_1_11' title="bbox 321 707 1590 782; baseline 0.001 -12"><span class='ocrx_word' id='word_1_55' title='bbox 321 732 384 770; x_wconf 89' lang='lat' dir='ltr'><strong>ut</strong></span> <span class='ocrx_word' id='word_1_56' title='bbox 416 734 531 768; x_wconf 90' lang='lat' dir='ltr'><strong>non</strong></span> <span class='ocrx_word' id='word_1_57' title='bbox 564 707 643 767; x_wconf 75' lang='lat' dir='ltr'><strong>sui</strong></span> <span class='ocrx_word' id='word_1_58' title='bbox 670 711 859 769; x_wconf 81' lang='lat' dir='ltr'><strong>anxius</strong></span> <span class='ocrx_word' id='word_1_59' title='bbox 878 758 894 782; x_wconf 81' lang='lat'>‚</span> <span class='ocrx_word' id='word_1_60' title='bbox 941 735 1069 769; x_wconf 89' lang='lat' dir='ltr'><strong>cum</strong></span> <span class='ocrx_word' id='word_1_61' title='bbox 1109 711 1218 770; x_wconf 89' lang='lat' dir='ltr'><strong>fide</strong></span> <span class='ocrx_word' id='word_1_62' title='bbox 1246 711 1590 772; x_wconf 84' lang='lat' dir='ltr'><strong>audiebatur.</strong></span> 
     </span>
     <span class='ocr_line' id='line_1_12' title="bbox 317 793 1590 877; baseline -0.001 -22"><span class='ocrx_word' id='word_1_63' title='bbox 317 793 820 874; x_wconf 82' lang='lat' dir='ltr'><strong>Adsimulabatque</strong></span> <span class='ocrx_word' id='word_1_64' title='bbox 864 795 1062 874; x_wconf 90' lang='lat' dir='ltr'><strong>judicis</strong></span> <span class='ocrx_word' id='word_1_65' title='bbox 1110 817 1288 877; x_wconf 79' lang='lat' dir='ltr'><strong>partes</strong></span> <span class='ocrx_word' id='word_1_66' title='bbox 1335 794 1590 854; x_wconf 76' lang='lat' dir='ltr'><strong>adversus</strong></span> 
     </span>
     <span class='ocr_line' id='line_1_13' title="bbox 319 877 1592 959; baseline 0.001 -23"><span class='ocrx_word' id='word_1_67' title='bbox 319 878 648 937; x_wconf 82' lang='lat' dir='ltr'><strong>Germanici</strong></span> <span class='ocrx_word' id='word_1_68' title='bbox 681 879 903 959; x_wconf 80' lang='lat' dir='ltr'><strong>stirpem</strong></span> <span class='ocrx_word' id='word_1_69' title='bbox 927 925 942 948; x_wconf 87' lang='lat'>,</span> <span class='ocrx_word' id='word_1_70' title='bbox 983 877 1214 937; x_wconf 85' lang='lat' dir='ltr'><strong>subditis</strong></span> <span class='ocrx_word' id='word_1_71' title='bbox 1248 878 1344 959; x_wconf 82' lang='lat' dir='ltr'><strong>qui</strong></span> <span class='ocrx_word' id='word_1_72' title='bbox 1376 877 1592 937; x_wconf 87' lang='lat' dir='ltr'><strong>accusa-</strong></span> 
     </span>
     <span class='ocr_line' id='line_1_14' title="bbox 318 958 1590 1041; baseline 0.001 -22"><span class='ocrx_word' id='word_1_73' title='bbox 318 981 509 1019; x_wconf 82' lang='lat' dir='ltr'><strong>torum</strong></span> <span class='ocrx_word' id='word_1_74' title='bbox 550 961 784 1018; x_wconf 86' lang='lat' dir='ltr'><strong>nomina</strong></span> <span class='ocrx_word' id='word_1_75' title='bbox 820 958 1146 1020; x_wconf 86' lang='lat' dir='ltr'><strong>sustinerent</strong></span> <span class='ocrx_word' id='word_1_76' title='bbox 1174 1009 1190 1033; x_wconf 84' lang='lat'>‚</span> <span class='ocrx_word' id='word_1_77' title='bbox 1235 961 1590 1041; x_wconf 75' lang='lat' dir='ltr'><strong>maximeque</strong></span> 
     </span>
     <span class='ocr_line' id='line_1_15' title="bbox 317 1043 1588 1126; baseline -0.001 -23"><span class='ocrx_word' id='word_1_78' title='bbox 317 1043 716 1103; x_wconf 58' lang='lat' dir='ltr'><strong>insectarentur</strong></span> <span class='ocrx_word' id='word_1_79' title='bbox 753 1045 1043 1103; x_wconf 90' lang='lat' dir='ltr'><strong>Neronem</strong></span> <span class='ocrx_word' id='word_1_80' title='bbox 1071 1092 1087 1116; x_wconf 82' lang='grc'>,</span> <span class='ocrx_word' id='word_1_81' title='bbox 1129 1045 1449 1126; x_wconf 81' lang='lat' dir='ltr'><strong>proximum</strong></span> <span class='ocrx_word' id='word_1_82' title='bbox 1476 1044 1588 1102; x_wconf 87' lang='lat' dir='ltr'><strong>suc-</strong></span> 
     </span>
     <span class='ocr_line' id='line_1_16' title="bbox 317 1126 1590 1208; baseline 0 -22"><span class='ocrx_word' id='word_1_83' title='bbox 317 1127 570 1200; x_wconf 72' lang='lat' dir='ltr'><strong>cessioni,</strong></span> <span class='ocrx_word' id='word_1_84' title='bbox 598 1137 655 1187; x_wconf 82' lang='lat'>&amp;</span> <span class='ocrx_word' id='word_1_85' title='bbox 685 1151 1031 1208; x_wconf 86' lang='lat' dir='ltr'><strong>quamquam</strong></span> <span class='ocrx_word' id='word_1_86' title='bbox 1059 1126 1307 1186; x_wconf 67' lang='lat' dir='ltr'><strong>modesta</strong></span> <span class='ocrx_word' id='word_1_87' title='bbox 1327 1127 1553 1207; x_wconf 65' lang='lat' dir='ltr'><strong>juventa</strong></span> <span class='ocrx_word' id='word_1_88' title='bbox 1569 1177 1590 1203; x_wconf 82' lang='lat'>‚</span> 
     </span>
     <span class='ocr_line' id='line_1_17' title="bbox 315 1209 1587 1295; baseline 0.002 -27"><span class='ocrx_word' id='word_1_89' title='bbox 315 1210 650 1295; x_wconf 87' lang='lat' dir='ltr'><strong>plerumque</strong></span> <span class='ocrx_word' id='word_1_90' title='bbox 689 1232 880 1270; x_wconf 87' lang='lat' dir='ltr'><strong>tamen</strong></span> <span class='ocrx_word' id='word_1_91' title='bbox 910 1211 1048 1291; x_wconf 88' lang='lat' dir='ltr'><strong>quid</strong></span> <span class='ocrx_word' id='word_1_92' title='bbox 1084 1211 1143 1269; x_wconf 90' lang='lat' dir='ltr'><strong>in</strong></span> <span class='ocrx_word' id='word_1_93' title='bbox 1178 1209 1587 1294; x_wconf 67' lang='lat' dir='ltr'><strong>praesentiarum</strong></span> 
     </span>
     <span class='ocr_line' id='line_1_18' title="bbox 316 1294 1587 1372; baseline 0.001 -18"><span class='ocrx_word' id='word_1_94' title='bbox 316 1294 657 1354; x_wconf 88' lang='lat' dir='ltr'><strong>conduceret</strong></span> <span class='ocrx_word' id='word_1_95' title='bbox 681 1294 969 1372; x_wconf 78' lang='lat' dir='ltr'><strong>oblitum3</strong></span> <span class='ocrx_word' id='word_1_96' title='bbox 1018 1295 1158 1354; x_wconf 90' lang='lat' dir='ltr'><strong>dum</strong></span> <span class='ocrx_word' id='word_1_97' title='bbox 1201 1319 1232 1353; x_wconf 89' lang='lat' dir='ltr'><strong>a</strong></span> <span class='ocrx_word' id='word_1_98' title='bbox 1277 1294 1489 1354; x_wconf 85' lang='lat' dir='ltr'><strong>libertis</strong></span> <span class='ocrx_word' id='word_1_99' title='bbox 1528 1304 1587 1355; x_wconf 69' lang='grc' dir='ltr'><strong>δε</strong></span> 
     </span>
     <span class='ocr_line' id='line_1_19' title="bbox 315 1377 1586 1460; baseline -0.001 -22"><span class='ocrx_word' id='word_1_100' title='bbox 315 1377 611 1438; x_wconf 84' lang='lat' dir='ltr'><strong>clientibus</strong></span> <span class='ocrx_word' id='word_1_101' title='bbox 636 1426 652 1450; x_wconf 84' lang='lat'>,</span> <span class='ocrx_word' id='word_1_102' title='bbox 691 1377 990 1460; x_wconf 82' lang='lat' dir='ltr'><strong>apiscendae</strong></span> <span class='ocrx_word' id='word_1_103' title='bbox 1014 1379 1276 1460; x_wconf 85' lang='lat' dir='ltr'><strong>potentiae</strong></span> <span class='ocrx_word' id='word_1_104' title='bbox 1306 1379 1550 1460; x_wconf 86' lang='lat' dir='ltr'><strong>properis</strong></span> <span class='ocrx_word' id='word_1_105' title='bbox 1568 1425 1586 1450; x_wconf 93' lang='lat'>‚</span> 
     </span>
     <span class='ocr_line' id='line_1_20' title="bbox 314 1461 1585 1533; baseline -0.001 -12"><span class='ocrx_word' id='word_1_106' title='bbox 314 1461 691 1521; x_wconf 86' lang='lat' dir='ltr'><strong>exstimulatur</strong></span> <span class='ocrx_word' id='word_1_107' title='bbox 715 1509 731 1533; x_wconf 82' lang='grc'>,</span> <span class='ocrx_word' id='word_1_108' title='bbox 784 1489 816 1511; x_wconf 82' lang='lat' dir='ltr'><strong>cc</strong></span> <span class='ocrx_word' id='word_1_109' title='bbox 838 1481 898 1519; x_wconf 90' lang='lat' dir='ltr'><strong>ut</strong></span> <span class='ocrx_word' id='word_1_110' title='bbox 937 1466 1183 1520; x_wconf 54' lang='lat' dir='ltr'><strong>ereetum</strong></span> <span class='ocrx_word' id='word_1_111' title='bbox 1220 1471 1276 1520; x_wconf 63' lang='grc' dir='ltr'><strong>δέ</strong></span> <span class='ocrx_word' id='word_1_112' title='bbox 1310 1461 1585 1520; x_wconf 85' lang='lat' dir='ltr'><strong>fidentem</strong></span> 
     </span>
     <span class='ocr_line' id='line_1_21' title="bbox 311 1543 1585 1626; baseline 0.004 -28"><span class='ocrx_word' id='word_1_113' title='bbox 311 1545 535 1603; x_wconf 67' lang='lat' dir='ltr'><strong>manimi</strong></span> <span class='ocrx_word' id='word_1_114' title='bbox 591 1543 905 1620; x_wconf 88' lang='lat' dir='ltr'><strong>ostenderet</strong></span> <span class='ocrx_word' id='word_1_115' title='bbox 945 1568 957 1600; x_wconf 90' lang='lat'><strong>:</strong></span> <span class='ocrx_word' id='word_1_116' title='bbox 1017 1544 1160 1603; x_wconf 88' lang='lat' dir='ltr'><strong>velle</strong></span> <span class='ocrx_word' id='word_1_117' title='bbox 1205 1544 1266 1602; x_wconf 90' lang='lat' dir='ltr'><strong>id</strong></span> <span class='ocrx_word' id='word_1_118' title='bbox 1312 1544 1585 1626; x_wconf 87' lang='lat' dir='ltr'><strong>populum</strong></span> 
     </span>
     <span class='ocr_line' id='line_1_22' title="bbox 311 1627 1583 1709; baseline 0.004 -26"><span class='ocrx_word' id='word_1_119' title='bbox 311 1630 728 1687; x_wconf 64' lang='lat' dir='ltr'><strong>mRomanum:</strong></span> <span class='ocrx_word' id='word_1_120' title='bbox 777 1649 977 1709; x_wconf 88' lang='lat' dir='ltr'><strong>cupere</strong></span> <span class='ocrx_word' id='word_1_121' title='bbox 1033 1627 1342 1686; x_wconf 84' lang='lat' dir='ltr'><strong>exercitus:</strong></span> <span class='ocrx_word' id='word_1_122' title='bbox 1400 1651 1583 1708; x_wconf 78' lang='lat' dir='ltr'><strong>neque</strong></span> 
     </span>
     <span class='ocr_line' id='line_1_23' title="bbox 311 1709 1583 1791; baseline 0.002 -24"><span class='ocrx_word' id='word_1_123' title='bbox 311 1709 613 1771; x_wconf 67' lang='lat' dir='ltr'><strong>mausurum</strong></span> <span class='ocrx_word' id='word_1_124' title='bbox 664 1710 856 1769; x_wconf 73' lang='lat' dir='ltr'><strong>contra</strong></span> <span class='ocrx_word' id='word_1_125' title='bbox 914 1713 1179 1791; x_wconf 85' lang='lat' dir='ltr'><strong>Sejanum</strong></span> <span class='ocrx_word' id='word_1_126' title='bbox 1215 1758 1232 1782; x_wconf 84' lang='lat'>,</span> <span class='ocrx_word' id='word_1_127' title='bbox 1291 1710 1388 1790; x_wconf 86' lang='lat' dir='ltr'><strong>qui</strong></span> <span class='ocrx_word' id='word_1_128' title='bbox 1434 1735 1583 1776; x_wconf 78' lang='lat' dir='ltr'><strong>nunc</strong></span> 
     </span>
     <span class='ocr_line' id='line_1_24' title="bbox 311 1793 1582 1878; baseline 0.003 -27"><span class='ocrx_word' id='word_1_129' title='bbox 311 1796 685 1878; x_wconf 63' lang='lat' dir='ltr'><strong>aepatientiam</strong></span> <span class='ocrx_word' id='word_1_130' title='bbox 711 1793 851 1853; x_wconf 87' lang='lat' dir='ltr'><strong>senis</strong></span> <span class='ocrx_word' id='word_1_131' title='bbox 875 1841 891 1866; x_wconf 86' lang='lat'>,</span> <span class='ocrx_word' id='word_1_132' title='bbox 936 1802 993 1854; x_wconf 70' lang='grc' dir='ltr'><strong>ὃς</strong></span> <span class='ocrx_word' id='word_1_133' title='bbox 1034 1793 1330 1877; x_wconf 81' lang='lat' dir='ltr'><strong>segnitiam</strong></span> <span class='ocrx_word' id='word_1_134' title='bbox 1368 1797 1582 1876; x_wconf 79' lang='lat' dir='ltr'><strong>juvenis</strong></span> 
     </span>
     <span class='ocr_line' id='line_1_25' title="bbox 312 1876 840 1960; baseline 0.002 -25"><span class='ocrx_word' id='word_1_135' title='bbox 312 1879 505 1960; x_wconf 68' lang='lat' dir='ltr'><strong>:ojuxta</strong></span> <span class='ocrx_word' id='word_1_136' title='bbox 541 1876 840 1940; x_wconf 68' lang='lat' dir='ltr'><strong>insultet».</strong></span> 
     </span>
    </p>

    <p class='ocr_par' dir='ltr' id='par_1_7' title="bbox 307 1957 1581 2628">
     <span class='ocr_line' id='line_1_26' title="bbox 393 1957 1580 2041; baseline 0.001 -22"><span class='ocrx_word' id='word_1_137' title='bbox 393 1963 518 2020; x_wconf 89' lang='lat' dir='ltr'><strong>LX.</strong></span> <span class='ocrx_word' id='word_1_138' title='bbox 556 1964 703 2019; x_wconf 78' lang='lat' dir='ltr'><strong>HAEC</strong></span> <span class='ocrx_word' id='word_1_139' title='bbox 737 1980 903 2041; x_wconf 88' lang='lat' dir='ltr'><strong>atque</strong></span> <span class='ocrx_word' id='word_1_140' title='bbox 943 1957 1073 2018; x_wconf 90' lang='lat' dir='ltr'><strong>talia</strong></span> <span class='ocrx_word' id='word_1_141' title='bbox 1109 1958 1395 2031; x_wconf 84' lang='lat' dir='ltr'><strong>audienti,</strong></span> <span class='ocrx_word' id='word_1_142' title='bbox 1439 1961 1580 2020; x_wconf 88' lang='lat' dir='ltr'><strong>nihil</strong></span> 
     </span>
     <span class='ocr_line' id='line_1_27' title="bbox 308 2040 1581 2127; baseline 0.002 -24"><span class='ocrx_word' id='word_1_143' title='bbox 308 2044 544 2126; x_wconf 88' lang='lat' dir='ltr'><strong>quidem</strong></span> <span class='ocrx_word' id='word_1_144' title='bbox 567 2067 740 2127; x_wconf 82' lang='lat' dir='ltr'><strong>pravae</strong></span> <span class='ocrx_word' id='word_1_145' title='bbox 766 2041 1120 2125; x_wconf 87' lang='lat' dir='ltr'><strong>cogitationis</strong></span> <span class='ocrx_word' id='word_1_146' title='bbox 1141 2089 1157 2113; x_wconf 86' lang='lat'>,</span> <span class='ocrx_word' id='word_1_147' title='bbox 1177 2040 1272 2102; x_wconf 91' lang='lat' dir='ltr'><strong>sed</strong></span> <span class='ocrx_word' id='word_1_148' title='bbox 1293 2044 1581 2106; x_wconf 88' lang='lat' dir='ltr'><strong>interdum</strong></span> 
     </span>
     <span class='ocr_line' id='line_1_28' title="bbox 309 2127 1580 2210; baseline 0.001 -24"><span class='ocrx_word' id='word_1_149' title='bbox 309 2151 472 2187; x_wconf 84' lang='lat' dir='ltr'><strong>voces</strong></span> <span class='ocrx_word' id='word_1_150' title='bbox 493 2127 872 2210; x_wconf 85' lang='lat' dir='ltr'><strong>procedebant</strong></span> <span class='ocrx_word' id='word_1_151' title='bbox 894 2147 1251 2185; x_wconf 88' lang='lat' dir='ltr'><strong>contumaces</strong></span> <span class='ocrx_word' id='word_1_152' title='bbox 1267 2174 1283 2198; x_wconf 83' lang='lat'>‚</span> <span class='ocrx_word' id='word_1_153' title='bbox 1310 2136 1366 2188; x_wconf 74' lang='grc' dir='ltr'><strong>δε</strong></span> <span class='ocrx_word' id='word_1_154' title='bbox 1387 2128 1580 2187; x_wconf 84' lang='lat' dir='ltr'><strong>incon-</strong></span> 
     </span>
     <span class='ocr_line' id='line_1_29' title="bbox 308 2209 1579 2294; baseline 0.002 -24"><span class='ocrx_word' id='word_1_155' title='bbox 308 2211 457 2270; x_wconf 81' lang='lat' dir='ltr'><strong>sultae</strong></span> <span class='ocrx_word' id='word_1_156' title='bbox 487 2235 503 2285; x_wconf 79' lang='lat'>3</span> <span class='ocrx_word' id='word_1_157' title='bbox 562 2235 695 2292; x_wconf 86' lang='lat' dir='ltr'><strong>quas</strong></span> <span class='ocrx_word' id='word_1_158' title='bbox 746 2209 981 2293; x_wconf 85' lang='lat' dir='ltr'><strong>adpositi</strong></span> <span class='ocrx_word' id='word_1_159' title='bbox 1032 2209 1280 2269; x_wconf 88' lang='lat' dir='ltr'><strong>custodes</strong></span> <span class='ocrx_word' id='word_1_160' title='bbox 1327 2232 1579 2294; x_wconf 81' lang='lat' dir='ltr'><strong>exceptas</strong></span> 
     </span>
     <span class='ocr_line' id='line_1_30' title="bbox 309 2291 1579 2374; baseline 0.002 -21"><span class='ocrx_word' id='word_1_161' title='bbox 309 2292 600 2374; x_wconf 60' lang='lat' dir='ltr'><strong>auctasque</strong></span> <span class='ocrx_word' id='word_1_162' title='bbox 626 2294 756 2353; x_wconf 74' lang='lat' dir='ltr'><strong>cum</strong></span> <span class='ocrx_word' id='word_1_163' title='bbox 785 2291 1070 2353; x_wconf 83' lang='lat' dir='ltr'><strong>deferrent</strong></span> <span class='ocrx_word' id='word_1_164' title='bbox 1095 2341 1110 2364; x_wconf 84' lang='lat'>‚</span> <span class='ocrx_word' id='word_1_165' title='bbox 1154 2316 1338 2374; x_wconf 90' lang='lat' dir='ltr'><strong>neque</strong></span> <span class='ocrx_word' id='word_1_166' title='bbox 1362 2296 1579 2356; x_wconf 81' lang='lat' dir='ltr'><strong>Neroni</strong></span> 
     </span>
     <span class='ocr_line' id='line_1_31' title="bbox 309 2374 1577 2459; baseline -0.001 -23"><span class='ocrx_word' id='word_1_167' title='bbox 309 2375 615 2436; x_wconf 83' lang='lat' dir='ltr'><strong>defendere</strong></span> <span class='ocrx_word' id='word_1_168' title='bbox 647 2378 870 2437; x_wconf 87' lang='lat' dir='ltr'><strong>daretur</strong></span> <span class='ocrx_word' id='word_1_169' title='bbox 894 2425 909 2449; x_wconf 86' lang='lat'>‚</span> <span class='ocrx_word' id='word_1_170' title='bbox 958 2374 1180 2435; x_wconf 78' lang='lat' dir='ltr'><strong>diversae</strong></span> <span class='ocrx_word' id='word_1_171' title='bbox 1219 2376 1437 2459; x_wconf 86' lang='lat' dir='ltr'><strong>insuper</strong></span> <span class='ocrx_word' id='word_1_172' title='bbox 1473 2377 1577 2435; x_wconf 56' lang='lat' dir='ltr'><strong>sol,</strong></span> 
     </span>
     <span class='ocr_line' id='line_1_32' title="bbox 308 2460 1574 2521; baseline 0.002 -2"><span class='ocrx_word' id='word_1_173' title='bbox 308 2460 666 2519; x_wconf 88' lang='lat' dir='ltr'><strong>licitudinum</strong></span> <span class='ocrx_word' id='word_1_174' title='bbox 692 2460 884 2519; x_wconf 85' lang='lat' dir='ltr'><strong>formae</strong></span> <span class='ocrx_word' id='word_1_175' title='bbox 905 2460 1242 2519; x_wconf 89' lang='lat' dir='ltr'><strong>oriebantur.</strong></span> <span class='ocrx_word' id='word_1_176' title='bbox 1268 2463 1412 2518; x_wconf 90' lang='lat' dir='ltr'><strong>Nam</strong></span> <span class='ocrx_word' id='word_1_177' title='bbox 1441 2460 1574 2521; x_wconf 85' lang='lat' dir='ltr'><strong>alius</strong></span> 
     </span>
     <span class='ocr_line' id='line_1_33' title="bbox 307 2542 1573 2628; baseline -0.002 -22"><span class='ocrx_word' id='word_1_178' title='bbox 307 2542 594 2606; x_wconf 83' lang='lat' dir='ltr'><strong>occursum</strong></span> <span class='ocrx_word' id='word_1_179' title='bbox 614 2551 727 2628; x_wconf 85' lang='lat' dir='ltr'><strong>ejus</strong></span> <span class='ocrx_word' id='word_1_180' title='bbox 744 2545 943 2608; x_wconf 83' lang='lat' dir='ltr'><strong>vitare:</strong></span> <span class='ocrx_word' id='word_1_181' title='bbox 964 2543 1196 2628; x_wconf 87' lang='lat' dir='ltr'><strong>quidam</strong></span> <span class='ocrx_word' id='word_1_182' title='bbox 1211 2592 1228 2620; x_wconf 86' lang='lat'>‚</span> <span class='ocrx_word' id='word_1_183' title='bbox 1247 2543 1573 2604; x_wconf 85' lang='lat' dir='ltr'><strong>salutatione</strong></span> 
     </span>
    </p>

    <p class='ocr_par' dir='ltr' id='par_1_8' title="bbox 1314 2626 1572 2702">
     <span class='ocr_line' id='line_1_34' title="bbox 1314 2626 1572 2702; baseline -0.012 -15"><span class='ocrx_word' id='word_1_184' title='bbox 1314 2626 1530 2689; x_wconf 65' lang='lat' dir='ltr'><strong>reddita</strong></span> <span class='ocrx_word' id='word_1_185' title='bbox 1551 2673 1572 2702; x_wconf 85' lang='lat'>‚</span> 
     </span>
    </p>
   </div>
   <div class='ocr_carea' id='block_1_7' title="bbox 1632 2314 1639 2780">
    <p class='ocr_par' dir='ltr' id='par_1_9' title="bbox 1632 2314 1639 2780">
     <span class='ocr_line' id='line_1_35' title="bbox 1632 2314 1639 2780; baseline 0 0"><span class='ocrx_word' id='word_1_186' title='bbox 1632 2314 1639 2780; x_wconf 63' lang='lat' dir='ltr'><strong>l</strong></span> 
     </span>
    </p>
   </div>
   <div class='ocr_carea' id='block_1_8' title="bbox 1631 2729 1639 2918">
    <p class='ocr_par' dir='ltr' id='par_1_10' title="bbox 1630 2672 1639 2918">
     <span class='ocr_line' id='line_1_36' title="bbox 1631 2729 1639 2918; baseline 3.111 -20.889"><span class='ocrx_word' id='word_1_187' title='bbox 1631 2729 1639 2918; x_wconf 70' lang='lat' dir='ltr'><strong>l</strong></span> 
     </span>
    </p>
   </div>
   <div class='ocr_carea' id='block_1_9' title="bbox 1626 2984 1637 3100">
    <p class='ocr_par' dir='ltr' id='par_1_11' title="bbox 1626 2984 1637 3100">
     <span class='ocr_line' id='line_1_37' title="bbox 1628 2984 1630 3043; baseline 0 0"><span class='ocrx_word' id='word_1_188' title='bbox 1628 2984 1630 3043; x_wconf 72' lang='lat' dir='ltr'><strong>l</strong></span> 
     </span>
     <span class='ocr_line' id='line_1_38' title="bbox 1626 3046 1637 3100; baseline 0 -11"><span class='ocrx_word' id='word_1_189' title='bbox 1626 3046 1637 3100; x_wconf 67' lang='lat' dir='ltr'><strong>l</strong></span> 
     </span>
    </p>
   </div>
  </div>
 </body>
</html>
