1682 3110
285 166 515 244 ‘lxxxviii
613 155 671 229 T
710 188 740 228 ιε
787 190 810 229 s
856 191 893 228 T
939 191 960 230 1
1005 190 1055 231 M
1106 186 1143 230 o
1192 186 1241 230 u
1275 185 1305 230 τ’
1346 164 1395 230 'R

293 266 420 318 Usus
457 267 546 319 ille
583 267 692 320 sole
719 303 736 326 ,
785 286 913 322 mox
955 269 1144 336 frigidai
1182 273 1196 296 ¹
1224 305 1239 329 ‚
1282 268 1574 336 gustaverat}

294 332 467 396 jacens
484 373 500 398 ,
515 334 881 401 studebatque:
899 336 1064 410 poscit
1084 336 1245 387 soleas
1264 374 1278 397 ,
1299 333 1570 386 adscendit
1624 370 1627 373 κ
1676 315 1682 319 .

238 434 245 437 >
295 398 514 462 locum,
565 414 631 451 ex
671 417 777 466 quo
817 406 1044 453 mammet
1083 401 1396 456 miraculum
1434 398 1569 449 illud

292 463 529 530 conspici
559 479 782 532 poterat.
835 469 1015 519 Nubes
1049 466 1345 531 (incertum
1385 463 1575 531 procul

290 528 622 584 intuentibus
643 550 706 583 ex
728 550 833 599 quo
857 546 1044 584 monte
1067 572 1080 594 ‚
1113 531 1398 585 Vesuvium
1421 529 1573 581 fuisse

289 592 465 662 postea
483 598 757 665 cognitum
783 600 887 662 est)
924 599 1223 656 oriebatur,
1257 599 1406 662 cujus
1424 594 1577 646 fimi-

289 663 574 718 litudinem
597 667 655 717 &
681 665 905 716 formam
931 683 1044 716 non
1069 664 1172 716 alia
1192 663 1355 730 magis
1376 663 1568 714 arbor2

288 731 448 796 quam
500 729 650 795 pinus
701 732 1015 797 expresserit.
1076 733 1221 783 Nam
1268 729 1567 799 longissimo

286 796 438 846 velut
487 808 677 848 trunco
730 799 863 849 elata
911 799 966 848 in
1009 797 1210 858 altum,
1257 795 1570 861 quibusdam

287 860 443 912 ramis
482 861 870 914 diffundebatur
895 881 921 927 3
957 864 1116 915 credo
1143 901 1158 923 ‚
1209 862 1331 929 quia
1367 859 1569 934 recenti

287 926 470 990 spiritu
502 934 712 987 evecta,
753 929 944 980 deinde
981 929 1278 981 senescente
1311 945 1376 980 eo
1415 926 1571 977 desti-

286 1004 400 1045 tuta
419 1032 434 1055 ,
471 1006 560 1045 aut
590 995 747 1046 etiam
776 996 1010 1060 pondere
1042 996 1131 1046 suo
1159 994 1296 1046 vicia
1320 1033 1334 1057 ,
1369 993 1426 1043 in
1451 991 1570 1043 lati-

287 1059 530 1109 tudinem
576 1060 890 1112 vanescebat
926 1079 942 1125 ;
996 1059 1219 1112 candida
1259 1060 1524 1113 interdum
1548 1068 1573 1120 ,'

284 1123 553 1177 interdum.
576 1125 784 1178 sordida
801 1128 859 1180 ὃς
877 1127 1140 1178 maculosa
1156 1165 1171 1189 ‚
1197 1138 1352 1191 prout
1376 1138 1570 1192 terram

283 1189 588 1243 cineremve
624 1193 904 1244 sustulerat.
969 1193 1218 1258 Magnum
1250 1190 1569 1257 propiusque

282 1257 651 1321 noscendum,
691 1271 750 1309 ut
796 1258 1134 1311 eruditissimo
1183 1257 1303 1309 viro
1327 1292 1341 1313 ¹)
1381 1256 1569 1307 visum.

278 1323 439 1374 Jubet
487 1323 801 1376 liburnicam
846 1325 1049 1391 aptari:
1093 1323 1269 1386 mihi,
1308 1321 1346 1372 fi
1382 1322 1570 1374 venire
1619 1353 1622 1357 ·

280 1390 386 1439 una
407 1389 604 1440 vellem
625 1430 639 1452 ‚
676 1389 804 1442 facit
823 1391 1048 1457 copiam.
1078 1388 1344 1455 Respondi
1368 1389 1570 1440 studere

279 1471 367 1505 me
402 1456 601 1519 malle3
646 1457 704 1509 ὃς
747 1456 888 1508 forte
937 1456 1044 1522 ipse
1091 1457 1238 1522 quod
1286 1454 1569 1505 scriberem

280 1521 513 1573 dederat.
555 1521 930 1587 Egrediebatur
966 1524 1130 1575 domo
1154 1562 1168 1583 ,
1205 1520 1398 1586 accipit
1419 1520 1567 1572 codi-

281 1585 453 1638 cillos.
504 1589 705 1639 Retinae
729 1588 1003 1649 &classiarii
1031 1626 1046 1646 ,
1091 1586 1398 1638 imminenti
1430 1586 1567 1650 peri,

279 1652 403 1704 culo
455 1653 692 1706 exterriti
737 1660 758 1714 ζ
781 1671 902 1705 nam
943 1654 1073 1704 villa
1108 1671 1169 1706 ea
1217 1653 1522 1718 subjacebat
1545 1672 1568 1709 ‚·

278 1733 380 1769 nec
412 1718 641 1771 ulla'nifi
674 1721 897 1772 navibus
929 1719 1095 1787 fuga)
1125 1732 1186 1772 ut
1208 1719 1255 1771 se
1284 1732 1433 1771 tanto
1468 1717 1566 1768 dis:

281 1783 494 1834 crimini
532 1785 755 1849 eriperet
793 1788 1030 1838 orabant.
1080 1786 1250 1839 Vertit
1282 1785 1372 1836 ille
1401 1782 1567 1836 const-

282 1850 411 1900 lium
435 1889 449 1911 ‚
480 1852 537 1901 δί
560 1853 705 1916 quod
728 1852 953 1902 studioso
976 1850 1566 1910 anim0.inch0averat,‘

282 1915 401 1966 obit
417 1915 669 1967 maximo.
691 1917 920 1968 Deducit
941 1917 1314 1982 quadriremes,
1331 1917 1565 1970 ascendit

281 1980 388 2046 ipse
430 1999 547 2032 non
584 1981 795 2034 Retinae
822 1983 987 2035 modo
1010 2021 1027 2042 ,
1074 1983 1160 2033 sed
1198 1982 1376 2033 multis
1411 1987 1564 2043 <erat

278 2045 422 2097 enim
449 2045 692 2113 frequens
721 2049 993 2100 amoenitas
1023 2049 1157 2112 orae)
1190 2050 1383 2099 laturus
1407 2048 1563 2098 auxi-

277 2111 429 2163 lium.
473 2114 720 2178 Properat
741 2114 868 2165 illuc
895 2115 1036 2166 unde
1059 2114 1149 2165 alii
1176 2115 1386 2180 fugiunt
1404 2131 1563 2178 grec·

279 2190 496 2243 tumque
524 2180 755 2240 cursum,
789 2185 924 2232 resta
952 2182 1313 2246 gubernacula,
1334 2180 1394 2229 in
1426 2180 1559 2244 peri-

279 2243 456 2295 culum
484 2256 628 2297 tenet
648 2286 663 2307 ‚
697 2247 830 2299 adeo
856 2247 1052 2299 solutus
1072 2261 1217 2298 metu
1243 2286 1258 2305 ,
1293 2259 1351 2298 ut
1372 2263 1557 2297 omnes

279 2308 420 2361 iilius
455 2311 582 2362 mali
619 2328 791 2366 motus
819 2351 834 2373 ,
882 2329 1064 2366 omnes
1104 2313 1289 2380 figuras
1311 2317 1331 2376 ,‘
1369 2324 1424 2362 ut
1463 2313 1556 2366 de-⁴

334 2442 346 2462 ¹
373 2430 521 2472 AEstate
545 2433 701 2473 Plinius
729 2437 882 2485 iacebat
949 2434 1094 2475 iterum
1120 2438 1168 2476 ab
1199 2434 1368 2476 eruditis
1407 2434 1552 2488 Anglis

276 2486 324 2526 in
344 2486 427 2525 sole
449 2502 457 2525 :
483 2487 568 2538 post
588 2488 711 2528 solem
734 2490 882 2543 frigida
948 2490 1001 2529 est
1017 2491 1235 2538 observata,
1249 2491 1338 2530 cum
1350 2490 1547 2530 Vesuvius

276 2539 494 2580 lavabatur.
534 2540 641 2581 Vide
672 2544 880 2593 Plinium,
948 2557 1040 2584 ante
1068 2546 1225 2598 aliquot
1247 2558 1375 2584 annos
1391 2541 1552 2589 confla-2

279 2596 350 2648 Ep.
374 2596 462 2640 111,
498 2609 532 2641 5.
948 2597 1094 2652 gravit.

334 2659 352 2682 ³
386 2648 537 2693 Eadem
561 2649 716 2693 arboris
743 2650 882 2707 imago
1014 2664 1027 2694 3
1064 2650 1204 2695 Hodie
1226 2650 1389 2705 Refinm
