1655 3088
369 175 831 220 ANNALIUM
888 163 1157 225 NorAE.
1284 176 1402 243 361'

201 257 327 308 CAP.
358 258 447 306 XI.
498 258 742 318 Receptum
776 257 1126 319 Maroboduum.
1172 261 1404 311 Marobo-

136 322 280 371 duum
320 339 552 388 receptum
594 330 640 371 &
681 323 913 374 Ravennae
956 325 1164 374 habitum
1208 329 1403 378 vidimus

136 389 312 437 Annal.
335 389 379 436 H
394 427 408 450 ,
441 396 518 452 63.

202 518 329 568 CAP.
354 519 466 567 XII.
502 518 663 567 Patris
691 517 786 582 fich
819 518 1031 586 Augusti.

203 584 293 633 Sin
316 584 525 645 facinus.
551 584 615 633 At
641 585 671 632 fi
695 583 797 633 Piso
825 585 1160 633 Germanicum
1191 585 1408 637 devotio-

140 649 273 698 nibus
305 657 350 698 &
379 668 557 699 veneno
588 653 810 715 peremit,
848 650 877 697 fi
911 650 1083 698 facinus
1107 652 1220 699 illud
1246 656 1294 701 in
1325 672 1412 703 cu-

139 714 403 783 juscumque
421 717 682 764 mortalium
703 733 813 763 nece
832 715 1156 764 vindicandum
1174 719 1416 785 detegitur,

142 799 272 830 reum
293 784 423 830 illum
446 785 566 847 agite
585 800 599 842 3
626 780 794 847 vosque
816 783 832 839 ‚⁷
861 787 904 827 &
924 781 1089 828 liberos
1113 781 1414 846 Germanici,

144 853 191 895 δε
222 866 306 895 nos
338 864 546 912 parentes
583 847 703 908 justis
744 844 908 893 solatiis
948 845 1139 894 adficite.
1198 849 1414 900 Tiberius

143 929 296 974 autem
316 919 359 959 &
375 913 509 961 Livia
527 928 736 978 parentes
755 929 884 960 erant
901 910 1172 961 Germanici
1191 915 1251 963 ob
1273 916 1416 982 adop-

144 994 338 1028 tlonem.
385 1003 388 1009 ·
1395 1010 1400 1014 -

209 1041 499 1109 Dffi’rrique
517 1041 671 1090 etiam.
705 1041 955 1091 Differri&
979 1042 1253 1093 disseminari
1277 1049 1415 1106 etiam

144 1127 228 1176 per
246 1126 450 1157 externas
469 1125 626 1175 gentes
645 1147 657 1169 ,
678 1124 914 1176 tamquam
937 1126 1114 1157 veneno
1139 1111 1418 1178 interceptus

144 1175 253 1224 esset
286 1174 606 1223 Germanicus.
794 1203 802 1206 ν

216 1240 372 1301 Οαὰνη
402 1240 447 1287 in
469 1240 592 1302 fhro.
634 1238 802 1303 Populi
842 1239 983 1287 studia
1023 1242 1284 1292 metuebant
1311 1242 1417 1291 Piso

150 1312 195 1354 δε
216 1306 426 1354 Tiberius
450 1325 461 1353 :
495 1306 598 1353 ideo
624 1306 673 1352 in
698 1305 819 1351 curia
843 1311 885 1351 &
909 1307 1031 1370 apud
1057 1305 1259 1357 senatum
1278 1348 1289 1369 ‚
1318 1327 1418 1357 non

148 1369 320 1421 veroin
341 1370 444 1418 foro
469 1378 513 1419 δε
539 1370 662 1436 apud
678 1369 848 1432 judices
863 1408 876 1431 ,
897 1371 952 1418 de
973 1389 1120 1421 morte
1142 1374 1417 1424 Germanici

150 1440 422 1503 anquiritur.

216 1502 273 1552 Si
303 1502 463 1566 quain
491 1516 574 1549 nos
597 1498 799 1559 adversa.
833 1499 882 1548 Si
922 1504 1001 1568 qui
1037 1506 1086 1552 in
1121 1523 1208 1554 nos
1244 1503 1417 1555 adversi

148 1585 355 1618 rumores
386 1566 619 1633 finguntur
646 1572 689 1613 δε
717 1563 1006 1631 sparguntur.

215 1697 491 1748 CAP.XIII.
507 1693 771 1760 Corrupiffl.
786 1696 933 1761 Supra
946 1696 1118 1746 Annal.
1133 1699 1192 1759 II,
1213 1715 1234 1760 ς
1246 1716 1266 1760 5
1283 1707 1328 1749 &
1341 1707 1369 1750 6
1370 1713 1423 1759 9.·

216 1764 558 1815 Immolationes
592 1760 833 1821 nefandas.
871 1762 1045 1811 Annal.
1073 1765 1146 1824 II,
1173 1783 1251 1825 75.

221 1830 341 1881 Acie
371 1828 549 1878 melum.
592 1826 784 1873 Petitam
814 1831 948 1876 armis
979 1830 1309 1894 rempublicam
1331 1872 1343 1893 ‚
1375 1838 1423 1881 δε

153 1898 327 1947 victum
352 1898 448 1944 acie
466 1891 679 1942 Pisonem
695 1892 886 1941 vidimus
901 1895 1075 1944 Annal.
1093 1897 1137 1943 II
1156 1935 1170 1956 ,
1201 1902 1261 1946 80
1280 1906 1323 1946 ὃς
1345 1903 1368 1946 8
1382 1916 1423 1947 1.

222 2025 351 2074 CAP.
391 2023 529 2073 XIV.
566 2022 712 2083 Super
745 2041 841 2072 eum
869 2025 973 2087 Pifh
1005 2025 1309 2089 discumberet.
1366 2027 1426 2075 In

159 2091 319 2141 dextro
356 2089 560 2147 stibadii,
592 2088 666 2135 seu
699 2090 948 2138 tricliniarii
983 2091 1090 2141 leoli
1113 2131 1124 2150 ,
1161 2110 1304 2139 cornu
1336 2091 1426 2140 dis-

159 2155 400 2206 cumbebat
438 2154 742 2203 Germanicus
772 2193 784 2214 ‚
827 2157 875 2202 in
916 2156 1087 2203 finistro
1121 2156 1239 2204 Piso·
1264 2158 1428 2223 Itaque

158 2222 266 2273 licet
286 2219 530 2268 secundum
559 2220 712 2267 locum
730 2236 974 2286 occuparet
992 2221 1093 2270 Piso
1106 2263 1119 2285 ‚
1153 2221 1284 2288 super
1303 2222 1430 2277 Gerq

161 2283 397 2339 manicurn
422 2283 740 2333 discumbebat.

234 2350 553 2418 Offerebatque
571 2350 820 2413 familiam.
848 2348 950 2398 Piso
974 2350 1121 2400 servos
1141 2350 1241 2401 suos
1266 2356 1312 2402 in
1333 2369 1430 2404 tor-

166 2433 322 2468 menta
349 2415 565 2465 offerebat
587 2436 597 2463 ε
634 2415 781 2463 servos
801 2433 989 2483 quoque
1014 2417 1281 2467 Germanici
1303 2459 1316 2481 ,
1351 2424 1433 2486 qui

166 2483 300 2550 super
325 2480 530 2531 mensam
555 2483 913 2534 ministraverant
938 2520 953 2547 ,
998 2484 1047 2534 in
1083 2501 1308 2535 tormenta
1343 2488 1432 2536 fla-

166 2549 360 2622 gitabat.

304 2610 434 2682 srom.
463 2608 510 2665 I.
1185 2614 1242 2683 Q
