1703 3083
395 84 861 160 PRAEFA
906 85 1143 158 TIO.
1298 92 1449 188 xvij

175 211 387 273 'mores
410 203 753 269 hominurn
774 252 795 286 ,
830 222 1041 266 retum
1068 226 1398 272 momenta
1418 256 1442 294 ,

176 295 488 366 libertatis
522 302 588 364 ὃ(
621 294 1086 362 dominationis
1125 315 1445 388 tempera-

176 414 397 460 menta
429 442 449 478 ,
504 392 680 458 varia
737 395 803 457 &
858 384 1270 456 saluberrima
1326 416 1445 482 pro

177 507 551 579 temporum
593 504 1084 572 eventuumque
1134 485 1447 553 varietate

177 580 417 671 agendi
457 577 721 647 confilia
754 629 775 667 ,
827 577 1093 646 noscere
1137 579 1259 646 erit
1304 603 1452 671 pre-

177 695 363 743 tlum.

272 769 454 837 HAEc
518 768 783 859 quidem
842 771 992 835 cum
1051 768 1452 837 recenserem

176 866 477 956 'graviora
497 864 719 931 Taciti
740 862 941 929 studia
956 914 977 948 ,
1007 865 1187 929 omifi
1204 861 1454 931 leviora

181 958 314 1027 duo
349 957 485 1045 ejus
521 983 718 1051 opera
749 985 760 1023 :
809 956 1082 1025 alterum
1115 957 1455 1037 Facetia33

180 1051 458 1121 alterum
501 1052 871 1144 Dialogum
911 1052 994 1120 de
1039 1051 1454 1120 Oratoribus,

181 1146 477 1215 Facetias
507 1201 523 1227 ,
565 1146 926 1238 Fulgentio
954 1147 1406 1215 Grammatico
1428 1154 1445 1179 ¹

182 1266 570 1310 memoratas
604 1294 626 1327 ,
686 1241 855 1308 forte
910 1239 1185 1334 collegit
1218 1296 1238 1328 ,
1299 1242 1456 1310 dum

181 1334 528 1404 literariam
595 1333 1063 1428 supellectilem
1139 1334 1402 1428 parabat
1433 1389 1457 1423 ‚

184 1429 294 1499 vel
318 1429 658 1499 subsecivis
683 1433 856 1497 horis
878 1483 898 1516 ,
928 1453 1001 1498 ut
1025 1431 1210 1498 taedia
1238 1433 1456 1500 otiave

181 1524 455 1593 falleret.
506 1524 761 1592 Periere
795 1550 812 1604 3
865 1549 989 1592 nec
1024 1551 1333 1618 magnum
1368 1528 1457 1595 est

184 1642 406 1687 earum
438 1618 841 1687 defiderium.
894 1619 971 1685 Id
1013 1622 1189 1686 enim
1230 1619 1454 1688 litera-

186 1734 339 1781 turae
391 1737 596 1805 genus
643 1715 731 1779 ita
766 1737 801 1777 a
833 1735 1130 1804 tempore
1168 1712 1461 1804 locoque

183 1807 472 1901 pendet,
522 1827 597 1873 ut
633 1808 746 1872 vix
782 1830 1092 1896 umquam
1131 1805 1291 1874 alios
1330 1811 1460 1875 ho·-

185 1904 392 1970 mines
419 1952 438 1987 ,
486 1897 647 1968 alios
672 1923 886 1968 mores
914 1901 1095 1969 ferat.
1131 1899 1462 1995 Dialogus

190 1996 272 2065 de
309 1992 699 2063 Oratoribus
735 1997 935 2063 exstat
959 2045 979 2082 ,
1035 1995 1143 2064 sed
1195 2021 1465 2065 mancus

189 2113 384 2181 atque
426 2090 837 2182 imperfe&us
878 2113 1060 2183 parte
1101 2091 1275 2159 haud
1323 2094 1464 2159 exi-

188 2183 317 2278 gua
349 2190 397 2269 ²,
437 2190 504 2251 &
525 2235 546 2269 ,
585 2181 670 2250 ob
705 2207 997 2250 naturam
1027 2209 1240 2252 rerum
1260 2239 1282 2272 ³
1322 2212 1462 2276 quae

189 2279 281 2348 ibi
308 2276 769 2365 traaabantur,
798 2278 1178 2371 graviffima.
1211 2280 1460 2374 Dispu-

262 2433 274 2457 1
301 2428 457 2492 Quem
475 2425 790 2475 videinstffim
925 2433 942 2456 ²
983 2430 1135 2478 Tacit.
1174 2430 1368 2498 DIalog.
1405 2430 1464 2479 de

185 2493 789 2561 jetTestimoniaVetexum.
857 2491 992 2547 Oxat.
1022 2513 1124 2563 cap.
1151 2513 1225 2560 35.
