1703 3083
410 137 876 212 PRAEFA
920 139 1148 212 TIO.
1260 149 1437 244 xlvij

161 256 379 330 addita
414 253 637 349 passim
685 250 870 345 plura
914 251 1037 319 alia
1081 257 1429 332 stemmata.

160 347 273 424 De
313 346 684 442 legionibus
710 398 731 433 ,
780 370 1000 414 earum
1044 373 1316 418 numero
1365 363 1431 424 &c

157 448 325 517 locis
361 445 550 512 fufius
588 445 928 510 tractatum
947 494 969 528 ,
990 520 994 525 .
1013 465 1087 510 ut
1114 443 1433 516 Historia-

157 567 301 612 rum
339 537 488 606 libri
523 535 842 605 inoffenso
880 536 1050 630 pede
1089 563 1433 633 percurre-

157 658 399 706 rentur.
490 630 798 721 Ejusdem
860 635 1249 703 neceffitatis
1313 636 1436 706 fuit

161 728 532 826 expendere
558 729 844 796 aerarium
872 729 1157 820 opesque
1181 730 1436 799 Roma-

160 851 443 911 norum,
502 825 703 891 stante
756 820 1091 915 republica&
1117 876 1140 911 ,
1202 831 1270 892 &
1320 826 1434 893 sub

70 962 72 964 v
161 917 570 1014 Principibus
591 944 609 998 3
632 941 861 986 eorum
889 918 1111 986 census
1131 926 1198 987 &
1216 917 1434 1009 lustra,

161 1013 405 1084 tributa
462 1019 530 1082 &
577 1010 923 1104 vectigalia
963 1064 985 1099 ,
1056 1013 1435 1110 Principum

164 1111 497 1200 congiaria
521 1158 543 1194 ,
586 1108 823 1176 Romae
866 1108 1384 1200 magnitudinem
1411 1163 1437 1198 ,

166 1202 484 1296 Capitolii
522 1204 1076 1294 magnificentiam
1108 1254 1130 1290 ‚
1182 1203 1438 1296 aliaque

163 1296 369 1367 multa
414 1347 438 1385 ,
517 1322 658 1388 quae
721 1298 767 1363 fi
828 1321 966 1363 non
1025 1296 1436 1392 explicentur

163 1395 442 1462 curatius
488 1441 511 1476 ,
594 1414 811 1458 mores
869 1391 1139 1482 ususque
1201 1396 1438 1463 horum

163 1510 539 1582 temporum
562 1508 699 1552 non
727 1485 868 1553 satis
894 1484 1438 1579 intelligerentur„

163 1581 306 1677 Ipsa
347 1603 614 1671 quoque
652 1581 814 1648 vitia
846 1579 1028 1648 fuere
1064 1604 1441 1651 memoran-

168 1675 251 1744 da
278 1727 299 1764 ,
349 1676 811 1743 Romanorum
858 1671 1094 1762 luxus,
1147 1676 1441 1747 Neronis

168 1773 240 1838 in
273 1768 462 1838 aure&
497 1769 697 1836 domo
779 1767 1146 1858 rodigentia
1166 1821 1188 1856 ,
1232 1778 1300 1838 &
1334 1774 1445 1839 in-

169 1860 514 1958 explebilis
540 1793 802 1930 Vitellii
835 1861 1008 1954 gula.
1059 1863 1224 1933 Haec
1264 1868 1440 1934 enim

169 1981 473 2053 portenta
525 1959 595 2025 in
650 1956 994 2026 evidentiae
1049 1956 1201 2028 luce
1260 1984 1445 2032 erant

171 2051 601 2139 collocanda,
630 2074 702 2120 ut
727 2054 977 2144 magnis
1001 2051 1447 2145 documentisj

173 2151 309 2239 quo
348 2170 768 2242 prorumpere
806 2146 1001 2239 possit
1037 2149 1320 2219 humana
1359 2150 1443 2220 li-

173 2240 332 2311 bido
354 2294 377 2329 ,
406 2242 772 2311 notesceret
791 2291 813 2328 ,
841 2239 1026 2309 fimul
1054 2249 1121 2311 ὅ(
1143 2244 1444 2339 puderet.

170 2337 288 2406 Ne
338 2340 550 2431 piguit
600 2336 866 2428 quidem
897 2388 920 2423 ,
974 2340 1155 2429 quod
1202 2365 1238 2408 a
1287 2344 1444 2411 viris

170 2433 596 2501 humanarum
636 2430 965 2501 literarum
1001 2433 1287 2504 studiosis
1329 2460 1446 2504 ex-

176 2529 455 2625 petitum
508 2580 533 2621 ,
608 2525 833 2604 illustri
896 2528 1203 2625 exemplo
1265 2529 1443 2602 Petri
