1655 3088
270 179 750 226 ANNAmuM
808 154 978 222 1113.
1021 160 1068 224 I.
1233 176 1311 241 37'

43 267 338 326 'castrorum
361 258 645 345 praefetstus
667 267 750 341 jus
769 259 1048 320 obtinuit:
1071 258 1306 343 vigiliam,
1327 275 1520 305 ἕ

41 348 294 408 stationes
321 395 339 419 ,
380 353 438 404 δε
477 343 516 402 fi
543 367 654 424 qua
681 342 787 401 alia
809 341 1036 426 praesens
1071 344 1192 403 usus
1220 347 1308 404 in-
1330 334 1381 374 A.
1399 335 1449 372 U·
1469 332 1522 378 C.„

43 430 254 490 dixerat
277 479 293 503 ‚
342 427 440 510 ipfi
479 426 876 509 partiebantur.
930 426 1000 484 Id
1039 426 1306 487 militares
1358 414 1395 516 3⁷

43 515 259 584 animos
301 510 463 570 altius
504 509 941 591 conjectantibus
973 511 1310 593 praecipuum
1384 504 1475 601 ’μμ

41 597 315 658 indicium
332 595 524 677 magni
539 615 704 674 atque
719 592 1086 676 implacabilis
1103 593 1310 669 motus,
1423 602 1431 606 ’

43 679 198 762 quod
232 701 416 759 neque
457 678 671 758 disjecti
694 725 710 749 ,
750 677 838 737 vel
881 700 1189 759 paucorum
1226 679 1311 737 in·-

46 765 240 823 stiiistu
263 811 279 834 ,
324 761 420 821 sed
442 763 646 844 pariter
675 758 1022 819 ardescerent
1045 809 1062 832 ,
1110 763 1314 843 pariter

48 845 303 907 filerent:
341 844 493 904 tanta
532 843 843 925 aequalitate
883 853 942 904 ὃς
971 844 1273 906 constantia
1295 892 1317 921 ,

49 951 110 991 ut
136 931 254 1011 regi
284 929 555 988 crederes·

133 1015 415 1073 XXXIII.
462 1015 542 1070 IN
561 1035 594 1070 T
610 1035 638 1070 E
658 1033 778 1070 REA
830 1014 1173 1072 Germanico
1220 1035 1319 1095 per

48 1096 258 1156 Gallias
282 1144 298 1168 ‚
341 1118 401 1155 ut
429 1095 670 1154 diximus
692 1143 709 1168 ‚
753 1094 942 1155 census
983 1098 1277 1180 accipienti
1300 1143 1319 1169 ‚

49 1204 95 1237 ῑα
113 1177 378 1239 exceffiffe
397 1179 710 1263 Augustum
725 1209 758 1231 υ
785 1178 1050 1240 adfertur.
1074 1183 1322 1262 Neptem

54 1271 169 1344 ejus
191 1263 565 1346 Agrippinam
592 1264 651 1321 in
679 1264 1042 1322 matrimonio
1067 1313 1083 1337 ‚
1122 1262 1323 1347 plures-

52 1369 163 1427 que
189 1370 253 1405 ex
290 1347 352 1405 ea
386 1346 590 1405 liberos
620 1346 880 1405 habebat.
944 1346 1065 1429 Ipse
1093 1346 1328 1420 Druso5

54 1428 221 1488 fratre
248 1429 470 1489 Tiberii
495 1478 511 1501 ,
546 1430 763 1511 genitus
786 1477 803 1502 ,
831 1430 1088 1512 Augustae
1110 1454 1284 1514 nepos
1310 1455 1327 1489 ς

52 1511 151 1573 sed
179 1512 367 1572 anxius
405 1513 636 1572 occultis
677 1514 737 1571 in
776 1511 832 1571 se
871 1514 1049 1596 patrui
1079 1515 1330 1596 aviaeque

57 1595 202 1656 odiis
227 1644 242 1668 ‚
278 1619 519 1677 quorum
551 1594 717 1654 causae
746 1596 982 1656 acriores
1001 1644 1019 1669 ,
1061 1599 1193 1679 quia
1221 1599 1327 1657 ini-

57 1703 180 1760 quae
202 1705 213 1738 ε
234 1681 437 1762 quippe
461 1678 629 1738 Dtufi
655 1702 858 1761 magna
885 1680 1033 1761 apud
1055 1681 1330 1763 populum

57 1764 386 1824 Romanum
411 1761 687 1821 memoria
705 1810 721 1834 ‚
760 1761 1202 1844 credebaturque
1229 1812 1246 1836 ,
1288 1763 1330 1822 fi

60 1868 248 1905 rerum
277 1847 482 1927 potitus
507 1843 654 1902 foret
675 1892 693 1916 ,
726 1842 1048 1904 libertatem
1072 1847 1330 1906 redditu-

59 1950 149 1988 tus
176 1953 188 1986 ε
222 1928 370 1987 unde
397 1929 455 1985 in
476 1926 883 1986 Germanicum
907 1926 1065 1988 favor
1084 1977 1101 2002 ,
1135 1938 1193 1990 δε
1212 1928 1335 2013 spes

62 2011 282 2074 eadem.
296 2013 451 2071 Nam
459 2010 648 2092 juveni
667 2009 829 2070 civile
852 2011 1167 2094 ingenium,
1189 2015 1332 2075 mira

64 2095 296 2157 comitas
322 2142 338 2167 ‚
384 2103 441 2156 &
475 2092 687 2154 diversa
720 2118 750 2152 a
773 2094 996 2154 Tiberii
1027 2095 1284 2158 sermone
1312 2117 1334 2172 ‚¹

63 2177 220 2251 vultu
239 2225 255 2250 ‚
293 2177 688 2261 adrogantibus
713 2186 771 2237 &
791 2177 1050 2239 obscuris.
1074 2179 1330 2242 Accede-

63 2260 200 2321 bant
221 2261 520 2322 muliebres
544 2259 874 2322 offensiones
898 2310 914 2334 ‚
944 2264 1333 2326 novercalibus

66 2345 237 2406 Liviae
257 2345 318 2402 in
339 2345 714 2429 Agrippinam
734 2345 966 2405 stimulis
988 2372 1000 2405 ε
1029 2367 1195 2427 atque
1217 2348 1333 2431 ipsa

65 2428 374 2511 Agrippina
402 2428 588 2512 paullo
622 2430 964 2488 commotior
985 2477 1003 2503 ,
1044 2430 1147 2490 nifi
1177 2433 1336 2512 quod

69 2511 307 2574 castitate
328 2560 343 2583 ‚
389 2522 447 2573 δε
472 2512 661 2572 mariti
684 2535 875 2574 amore
905 2561 921 2585 ,
963 2515 1217 2595 quamvis
1243 2516 1339 2586 in«,

69 2592 360 2681 domitum,
382 2596 638 2661 animum
661 2596 721 2659 in
754 2595 973 2660 bonum
1002 2597 1284 2687 vertebat}

1403 404 1479 453 67.
1514 398 1517 402 “

1442 477 1496 518 C«
