1676 3105
193 134 314 201 '372
406 119 498 179 IN
541 119 875 181 L1nRuM
923 140 1302 182 TER-srvit

196 233 428 287 parerent.
467 216 608 267 Nova
626 236 786 267 eorum
815 220 1070 270 dominatio
1101 221 1157 270 de
1188 234 1348 269 eorurn'
1374 230 1470 267 nvffle

197 288 325 334 mine
365 283 674 352 Gallograecia
698 324 711 346 ,
761 285 1002 335 Galatiave
1036 325 1050 348 ,
1091 302 1356 351 nuncupata
1391 286 1470 334 est.

196 351 586 418 Veftigalemque
623 351 781 399 Afiarn
821 355 884 401 ita
919 355 1036 402 inter
1078 351 1121 401 se
1166 351 1382 411 divisere,
1421 365 1471 399 ut

194 416 413 466 Trocmis
457 414 751 481 Hellesponti
802 435 884 466 ora
919 419 1022 466 data
1062 419 1112 466 s1t
1134 457 1147 478 ,
1190 417 1471 466 Tolistoboii

194 482 387 532 AEolida
416 498 551 549 atque
585 482 768 530 Ioniam
789 521 800 542 ,
836 482 1117 548 Tectosages
1141 484 1472 531 mediterranea

194 549 318 599 ‘Afiae
343 549 485 596 sortiti
514 546 596 594 fint
616 586 630 608 ,
668 554 711 594 &
735 549 1010 613 stipendium
1047 550 1140 597 tota
1173 551 1234 596 cis
1260 548 1472 596 Taurum

198 615 340 675 Afia,
378 613 423 661 Ia
446 612 667 674 Narolie,
703 615 961 681 exigebant.
1003 615 1169 663 Sedem
1206 629 1358 662 autem
1389 611 1476 678 ipfi

199 683 322 729 circa
356 679 517 748 Halyn
549 682 720 727 flumen
752 718 765 741 ,
803 680 919 746 Kffll
957 680 1130 729 Ermak
1155 719 1168 740 ‚
1214 694 1474 744 ceperunt3

200 745 440 813 tantusque
462 763 603 794 terror
627 764 786 796 eorum
806 749 1008 795 nominis
1035 762 1158 806 erat,
1183 745 1475 793 multitudine

199 815 339 861 etiam
369 813 540 879 magna
572 810 726 859 sobole
757 814 889 860 aucta
907 851 919 872 ,
952 829 998 861 ut
1024 813 1165 880 Syriae
1198 829 1384 879 quoque
1413 810 1474 859 ad

198 881 482 944 postremum
512 895 642 944 reges
665 878 938 941 stipendium
961 880 1067 926 dare
1088 896 1183 925 non
1207 878 1474 925 abnuerent.

197 946 354 992 Immo
378 946 440 992 ita
467 962 609 1009 penes
628 942 807 991 ,Gallos
839 943 921 991 fuit
954 947 1002 991 in
1030 944 1226 992 Oriente
1257 944 1362 991 belli
1384 961 1473 1008 pa·-

200 1009 354 1078 cisque
378 1010 609 1060 arbitrium
631 1048 644 1069 ‚
675 1026 749 1069 ut,
780 1008 885 1057 crim
913 1028 1073 1058 eorum
1102 1011 1306 1073 juventus
1334 1007 1474 1076 quam

199 1079 412 1125 maximae
428 1075 712 1124 fecunditatis
732 1074 887 1124 Afiam
912 1094 1099 1123 omnem
1118 1075 1239 1123 velut
1265 1077 1476 1123 examine

196 1145 357 1210 aliquo
397 1141 622 1208 impleffet
646 1181 659 1203 ,
710 1159 860 1208 neque
903 1160 1033 1208 reges
1079 1139 1284 1190 Orientis
1309 1180 1322 1202 ,
1366 1142 1474 1189 teste

195 1208 378 1262 Justino
401 1248 414 1269 ,
449 1209 540 1256 fine
567 1211 849 1256 mercenario
884 1207 1130 1257 Gallorum
1157 1209 1354 1255 exercitu
1379 1208 1474 1255 ulla

198 1275 321 1323 bella
352 1274 591 1341 gefferint:
636 1292 787 1341 neque
810 1274 926 1340 pulsi
951 1292 1098 1342 regno
1121 1273 1177 1322 ad
1199 1275 1312 1321 alios
1333 1271 1474 1340 quarn

197 1341 257 1390 ad
306 1340 471 1390 Gallos
511 1340 816 1407 confugerint.
864 1339 996 1407 Isque
1021 1356 1115 1389 erat
1142 1356 1282 1388 terror
1303 1337 1477 1389 Gallici

198 1409 403 1455 nominis
426 1445 439 1467 ‚
483 1413 526 1453 &
553 1424 794 1455 armorum·
811 1409 981 1459 invicta
1000 1406 1189 1455 felicitas
1213 1444 1225 1466 ‚
1264 1421 1311 1452 ut
1346 1406 1474 1453 aliter

196 1490 351 1539 neque
388 1473 666 1534 majestatem
702 1470 826 1519 suam
865 1489 1005 1520 tutam
1033 1511 1045 1531 ,
1081 1489 1231 1538 neque
1265 1469 1471 1519 amissam

196 1556 467 1603 recuperare
506 1536 549 1585 se
587 1536 715 1603 poffe
751 1537 842 1584 fine
879 1537 1061 1585 Gallica
1087 1539 1247 1584 virtute
1279 1537 1475 1586 arbitra-

195 1620 367 1653 rentur.
399 1603 554 1651 Livius
575 1641 587 1662 ‚
621 1603 703 1651 loc-
735 1603 812 1651 cir.
851 1601 1050 1655 Justinus
1070 1601 1252 1663 XXV,
1288 1622 1331 1650 2.

262 1669 395 1734 Quot
434 1667 702 1738 quantisque
730 1670 889 1734 postea
922 1671 971 1717 in
1005 1668 1112 1717 Afifi
1136 1707 1148 1729 ‚
1178 1670 1226 1715 in
1249 1661 1436 1733 Europ&
1458 1706 1476 1730 ,

197 1738 405 1784 victoriis
459 1751 596 1803 atque
655 1735 854 1783 cladibus
905 1737 1099 1783 exercita
1149 1733 1282 1783 fuerit
1337 1738 1478 1784 virtus

198 1801 388 1852 Gallica
413 1841 424 1861 ,
466 1819 577 1868 quas
604 1819 748 1849 novas
779 1818 915 1849 terras
979 1801 1194 1862 uaefierit‚
1236 1800 1479 1868 quomodo

198 1885 306 1917 cum
336 1867 522 1916 Hiberis
538 1907 551 1929 ,
581 1866 626 1915 la
651 1867 802 1929 partie
826 1819 1124 1916 occidentale
1146 1865 1199 1914 de
1222 1866 1265 1914 la
1289 1866 1476 1931 Castille

197 1933 405 1983 nouvelle
457 1932 508 1981 ὓ
557 1949 644 1980 une
687 1931 870 1998 grande
915 1933 1065 1993 partie
1116 1929 1168 1979 de
1210 1931 1436 1998 Z'Arczgon
1458 1970 1473 1994 ,

197 1999 444 2048 fortiffimis
485 1996 722 2064 Hispaniae
757 1992 944 2062 popu'lis
974 2037 987 2058 ,
1038 2015 1165 2045 arma
1195 2036 1208 2058 ,
1257 2015 1430 2045 nomen
1460 2037 1474 2059 ‚

199 2065 566 2132 sanguinemque
615 2063 851 2112 sociaverit
887 2101 901 2123 ‚
953 2080 1173 2131 quantum
1211 2064 1477 2114 inclaruerit

200 2131 540 2180 Celtiberorum
561 2148 735 2179 nomen
755 2168 766 2189 ,
800 2147 899 2195 quae
919 2128 1085 2179 fuerint
1101 2128 1345 2177 Gallorum
1369 2148 1475 2180 cum

199 2197 431 2246 Britannis
456 2236 468 2256 ,
508 2214 612 2245 cum
643 2194 889 2244 Germanis
928 2200 1205 2244 commercia
1229 2235 1241 2254 ‚
1278 2196 1475 2260 prodere

201 2262 475 2312 immensum
518 2262 674 2322 foret,
719 2268 765 2309 &
804 2263 965 2309 nostrae
1007 2261 1320 2310 dissertationis
1356 2261 1471 2311 fines

201 2328 347 2395 longe
382 2328 683 2394 egrederetur.
720 2327 785 2375 At
815 2325 915 2375 satis
950 2326 999 2375 s1t
1032 2342 1200 2374 veteres
1224 2325 1472 2390 Gallorum

204 2397 375 2460 glorias
394 2392 662 2459 indigitaffe.
702 2391 879 2443 Vertim
907 2392 1031 2461 quod
1061 2394 1110 2440 in
1143 2393 1326 2459 antiqua
1353 2392 1472 2440 His-

204 2461 319 2509 toria
350 2459 623 2507 utilissimum
652 2459 714 2506 est
733 2497 747 2518 ‚
780 2458 837 2506 ad
867 2462 1166 2508 recentiorem
1196 2460 1469 2507 memoriam

203 2528 410 2586 animum
444 2525 727 2580 revolvamus
749 2563 763 2589 ,
800 2531 844 2575 &
866 2528 917 2581 in
942 2526 1074 2586 tantis
1101 2542 1255 2575 rerum
1277 2523 1470 2584 saeculo-2
