1703 3083
410 139 1145 215 PRAEFATIO.
1344 150 1421 220 ix

151 257 357 348 risque
413 257 732 325 servitutis
782 252 1098 323 memoria
1155 259 1423 346 praesen=

150 355 316 421 tium
341 350 671 419 bonorum
697 350 943 419 sensum
968 350 1165 416 auxit.
1193 350 1423 422 Brevis

151 445 418 538 quidem
443 448 531 514 est
552 443 813 514 libellus
839 472 851 510 ε
889 464 953 511 at
977 445 1045 509 in
1073 468 1206 534 quo
1234 467 1421 513 aeter-

149 566 310 608 num
372 543 646 633 egregiae
703 540 960 607 virtutis
1023 563 1425 607 monumen-

149 656 293 704 tum
314 688 336 722 ,
378 642 446 704 &
480 633 1009 703 absolutissimum
1034 630 1427 705 laudationis

153 728 510 824 exemplar.

247 824 313 891 T
321 843 594 892 RAJANO
631 825 700 891 Π
738 821 1003 893 consule
1033 872 1055 910 ,
1101 848 1272 891 anno
1300 824 1430 890 Ura

150 916 251 989 bis
280 918 560 988 conditae
589 942 856 988 Decem
879 972 901 1006 ,
939 919 1426 987 Germanorum

152 1038 369 1083 mores
399 1067 422 1102 ,
468 1012 649 1107 leges
674 1065 696 1101 ,
736 1015 1007 1106 ususque
1031 1065 1053 1101 ,
1102 1015 1238 1107 pari
1279 1010 1431 1082 bre-

123 1105 360 1176 ³vitate
404 1108 728 1202 descripsit
759 1117 775 1142 ¹
801 1161 823 1196 ,
882 1131 1027 1176 tum
1071 1130 1147 1176 ut
1199 1132 1430 1177 eorum

153 1200 454 1272 laudibus
489 1201 821 1272 attolleret
854 1200 1212 1291 Trajanum
1235 1256 1257 1290 ,
1308 1203 1436 1275 de-.

153 1297 379 1365 funCto
440 1298 513 1364 N
518 1296 670 1365 erva
715 1350 737 1384 ,
814 1322 1027 1366 rerum
1089 1300 1374 1391 potitum
1405 1318 1434 1386 3

156 1391 630 1484 Germanisque
699 1391 1120 1460 formidatum
1162 1445 1183 1479 ,
1265 1417 1432 1484 quos

157 1488 328 1556 inter
354 1487 564 1555 adhue
591 1486 826 1579 agebat
844 1540 865 1574 ,
895 1510 1039 1556 tum
1062 1510 1135 1555 ut
1157 1486 1433 1575 Urbem,

153 1579 315 1649 luxu
351 1589 419 1652 ὅ(
447 1581 698 1651 deliciis
729 1582 990 1650 frattam
1011 1635 1033 1670 ,
1081 1581 1161 1649 ad
1211 1581 1435 1651 viriles

160 1676 379 1746 sensus
404 1677 817 1759 aemulatione
840 1699 1254 1770 provocaret.
1280 1676 1440 1744 Plus

158 1771 241 1839 ad
265 1798 384 1840 nos
410 1770 703 1838 utilitatis
726 1770 1046 1864 pervenit.
1086 1771 1436 1839 Germani-

161 1890 242 1934 ca
266 1868 442 1933 enim
467 1863 728 1933 libertas
749 1919 769 1951 9
798 1863 981 1953 cujus
1006 1866 1142 1933 vim
1161 1865 1441 1934 Tacitus

160 1961 562 2056 praesenserat
583 1968 633 2047 ²,
662 1959 775 2027 diu
801 1986 954 2028 curn
985 1961 1261 2053 imperio
1288 1961 1439 2028 Ro·-

164 2080 362 2123 mano
396 2053 632 2123 lut'tata
656 2109 678 2143 ,
733 2080 811 2123 ac
853 2054 1117 2124 tandem
1160 2057 1391 2123 witirix
1416 2105 1441 2142 9

164 2174 369 2243 regna
430 2152 908 2244 imperiumque
962 2149 1261 2218 condidit
1315 2150 1442 2218 suis

163 2243 423 2338 legibus
470 2267 937 2339 attemperata,
988 2252 1054 2313 ὃς
1100 2243 1268 2312 ultra
1317 2269 1439 2313 ve-

167 2349 382 2410 terum
457 2340 983 2409 dominationum
1056 2343 1444 2408 memoriam

244 2499 262 2522 ῖ
295 2489 448 2539 Tacit.
477 2490 533 2538 de
565 2490 772 2543 Moribus
909 2493 927 2516 ²
968 2490 1116 2539 Tacit.
1131 2491 1296 2540 eodem
1314 2491 1364 2538 in
1383 2490 1450 2543 lif-2

174 2552 401 2610 German.
432 2574 534 2625 cap.
559 2575 632 2627 37-e
843 2558 926 2607 bro
946 2595 959 2620 ,
988 2558 1096 2607 ibid.

1156 2647 1282 2695 a?
