1655 3088
293 162 761 206 ANNALIUM
812 142 982 201 L113.
1027 139 1132 202 IV.
1237 154 1357 221 295'

162 247 435 307 LXVIII.
470 245 505 308 J
511 264 659 301 UNIO
698 239 885 300 Silano
915 249 972 300 &
1002 241 1138 298 Silio
1168 242 1354 302 Nerva
1380 264 1571 297 ga

75 327 394 388 consulibus
420 376 435 400 ,
476 325 696 385 foedum
733 325 866 382 anni
894 324 1234 406 principium
1267 327 1357 383 in-
1384 327 1433 365 A.
1455 324 1573 363 U·C·

74 411 224 471 cessit
246 459 262 484 ,
309 416 483 470 tracto
518 411 578 468 in
606 430 887 468 carcerem
919 405 1132 466 inlustri
1168 409 1355 488 equite
1421 396 1536 506 ³781.

72 497 341 555 Romano
366 544 383 568 ,
424 494 585 553 Titio
632 492 838 552 Sabino
862 539 879 565 ,
924 490 999 550 ob
1047 490 1358 549 amicitiam
1448 493 1544 581 '23’

72 579 402 637 Germanici
427 604 439 636 ι
480 600 665 659 neque
696 577 849 636 enim
882 572 1143 634 omiserat
1170 581 1363 655 conju-
1513 561 1532 588 ⁸⁴

73 685 205 745 gem
229 711 244 734 ‚
282 661 598 743 liberosque
626 667 739 741 ejus
764 657 1048 743 percolere
1075 705 1091 730 ‚
1125 657 1362 717 sectator

75 746 270 817 domi,
300 769 488 805 comes
511 749 569 803 in
594 743 822 825 publico
839 789 855 814 ,
881 743 998 824 post
1022 762 1106 800 tot
1126 740 1361 801 clientes

73 852 261 906 unus3
321 830 498 909 eoque
544 826 693 909 apud
735 826 912 884 bonos
964 824 1216 883 laudatus
1241 873 1258 897 ,
1302 834 1362 885 &

75 912 254 994 gravis
298 913 522 992 iniquis.
589 912 752 968 Hunc
794 910 1045 967 Latinius
1082 909 1317 968 Latiaris
1341 955 1363 981 ,

73 995 298 1053 Porcius
319 998 467 1054 Cat-o
483 1042 499 1067 ,
519 994 752 1053 Petitius
770 991 950 1052 Rufus
969 1041 985 1064 ,
1006 993 1094 1051 Μ.
1119 991 1323 1074 Opsius
1341 1040 1364 1065 ‚

75 1077 307 1160 praetura
343 1077 558 1149 functi,
604 1076 1049 1160 adgrediuntur,
1097 1075 1364 1158 cupidine

78 1160 432 1238 consulatsls3
475 1161 544 1220 ad
578 1184 751 1241 quem
786 1183 902 1217 non
941 1158 1042 1217 nisi
1083 1182 1180 1241 per
1210 1162 1364 1241 Seja-

76 1267 217 1303 num
244 1245 424 1304 aditus
449 1270 460 1302 ε
502 1267 687 1325 neque
717 1244 900 1324 Sejani
931 1242 1187 1301 voluntas
1207 1291 1223 1315 ,
1261 1241 1365 1301 nisi

73 1324 279 1388 scelere
322 1327 687 1408 quaerebatur.
767 1326 1168 1408 Compositum
1213 1327 1365 1385 inter

0 1462 1 1470 ,
74 1409 220 1493 ipsos
245 1460 262 1484 ,
298 1432 359 1470 ut
395 1411 628 1470 Latiaris
653 1459 669 1484 ,
705 1410 804 1490 qui
834 1409 1064 1468 modico
1095 1407 1194 1468 usu
1217 1409 1368 1468 Sabi-

75 1517 218 1554 num
242 1494 607 1577 contingebat
626 1542 642 1566 ‚
675 1495 904 1552 strueret
928 1492 1127 1552 dolum
1146 1541 1163 1565 ‚
1191 1493 1368 1553 ceteri

78 1579 237 1638 testes
265 1576 512 1638 adessent
539 1603 551 1636 ε
594 1576 802 1636 deinde
828 1575 1240 1636 accusationem
1274 1578 1369 1635 in-

79 1662 348 1747 ciperent.
390 1662 568 1746 Igitur
601 1661 835 1721 Latiaris
878 1669 1058 1743 jacere
1101 1659 1369 1723 fortuitos

77 1747 331 1833 primum
355 1745 672 1807 sermones:
704 1770 835 1805 mox
863 1746 1091 1807 laudare
1118 1749 1368 1808 constan-

78 1833 218 1891 tiam
247 1879 265 1905 ,
317 1831 523 1913 <equod
552 1854 707 1903 non,
756 1851 815 1889 ut
860 1833 1072 1903 ceteri,
1114 1832 1370 1893 florentis

72 1913 326 1975 mdomfis
363 1915 574 1974 amicus
597 1962 615 1987 ,
643 1913 929 1973 adflictam
958 1914 1280 1976 deseruiffet
1304 1942 1368 1976 »τ

79 1998 243 2059 fimul
260 1999 476 2058 honora
497 1998 566 2059 de
587 1999 933 2058 Germanico
949 2047 964 2071 ,
986 1998 1367 2083 Agrippinam

78 2081 344 2142 miserans
369 2129 385 2154 ,
425 2080 738 2141 differebat.
782 2085 851 2140 Et
883 2084 1175 2164 postquam
1206 2083 1368 2143 Sabi-

79 2190 182 2226 nus
207 2215 222 2239 ‚
268 2187 330 2225 ut
366 2165 491 2224 sunt
528 2164 730 2225 molles
767 2165 827 2223 in
865 2165 1183 2226 calamitate
1208 2190 1368 2226 mor-

73 2250 279 2321 talium
323 2250 537 2322 animi,
592 2247 793 2309 effudit
839 2247 1094 2309 lacrimas
1122 2298 1137 2323 ‚
1181 2252 1366 2331 junxit

84 2336 337 2414 questus3
386 2332 681 2393 audentius
703 2341 818 2414 jam
844 2355 1039 2393 onerat
1062 2336 1325 2416 Sejanum
1350 2381 1370 2409 ,

76 2416 341 2477 ,saevitiam
371 2466 389 2490 ,
416 2416 740 2498 ‘superbiam
768 2465 786 2490 ‚
832 2415 953 2500 spes
995 2425 1148 2499 ejus:
1194 2442 1266 2478 ne
1305 2419 1368 2476 in

83 2501 387 2560 Tiberium
409 2500 644 2582 quidem
664 2501 921 2560 convicio
935 2501 1187 2561 abstinet.
1203 2502 1366 2581 lique

24 2584 30 2625 3
55 2615 57 2618 ·
81 2583 364 2647 sermones
391 2631 409 2660 ‚
453 2605 745 2668 tamquam
774 2586 949 2648 vetita
982 2583 1322 2645 miscuissent
1345 2628 1365 2657 ,

1029 2668 1187 2729 Niv
