1682 3110
337 135 1406 223 xcviijTEsT1M0N1A

579 304 684 361 LI
699 302 751 357 B
776 300 850 356 R.
894 298 1058 356 VIII.
1114 299 1226 354 ΕΡ.
1278 313 1369 354 VI,

333 437 702 496 pum-us
773 422 1234 482 MONTANO
1309 435 1464 476 suo
1533 407 1616 472 8².

403 576 497 625 Co
513 588 544 622 G
560 588 590 620 n
606 585 685 620 ov
701 583 719 614 1
736 585 756 616 s
773 584 793 615 s
813 583 839 614 E
872 563 975 626 jam
999 579 1064 612 ex
1083 557 1299 624 epistola
1320 555 1435 608 med
1456 554 1616 606 debes

333 638 600 693 adnotasse
627 651 712 684 me
741 647 907 695 nuper
938 639 1344 679 monumentum
1368 620 1616 674 Pallantis

334 708 425 760 sub
464 705 558 754 hac
592 697 972 763 inscriptione:
1010 694 1130 743 Huic
1154 693 1350 758 senatus
1388 689 1440 738 ob
1469 686 1618 754 fidem

330 774 628 836 pietatemque
657 781 769 832 erga
798 776 1014 824 patronos
1033 799 1048 823 ,
1093 772 1362 809 ornamenta
1394 753 1618 818 praeroricz

335 838 538 888 decrevit
569 873 585 895 ,
636 831 685 881 θ’
721 829 974 896 sestertium
1022 829 1193 875 centies
1237 821 1538 890 quinquagies
1559 825 1622 881 ²32

335 906 467 968 cujus
495 901 659 951 honore
692 910 931 945 contentus
948 892 1060 955 ficit.
1097 893 1271 944 Postea
1295 888 1424 939 mihi
1446 886 1620 937 visum

332 973 405 1024 est
438 966 666 1035 pretium
703 979 872 1028 operae
911 960 1077 1026 ipsum
1116 954 1620 1009 senatusconsultum

334 1051 582 1105 quaerere.
632 1028 821 1080 Inveni
849 1041 955 1077 tam
981 1025 1257 1089 copiosum
1282 1024 1340 1074 &
1367 1020 1580 1073 effusum
1599 1056 1623 1082 ‚

333 1118 394 1156 ut
422 1102 514 1152 ille
540 1095 916 1163 superbissimus
942 1092 1122 1144 titulus
1140 1131 1155 1154 ,
1192 1089 1432 1140 modicus
1460 1100 1622 1151 atque

337 1169 497 1221 etiam
545 1163 783 1216 demissus
827 1159 1112 1210 videretur.
1185 1153 1479 1208 Conferant
1530 1152 1579 1203 se
1598 1188 1620 1215 ‚

337 1253 454 1287 non
503 1232 623 1282 dico
668 1229 748 1279 illi
793 1240 999 1277 veteres
1044 1221 1278 1274 Africani
1302 1260 1317 1283 ,
1357 1218 1577 1272 Acha'i'ci
1600 1230 1626 1281 ,‘

338 1295 694 1357 Numantini,
727 1293 814 1345 sed
840 1292 893 1342 hi
918 1289 1180 1357 proximi,
1214 1287 1402 1349 Marii,
1437 1284 1625 1347 Sullae,

336 1364 579 1431 Pompeii
612 1362 782 1425 (nolo
807 1357 1054 1423 progredi
1073 1355 1321 1420 longius)
1360 1351 1496 1404 infra
1512 1350 1622 1401 Pal—

338 1434 494 1485 lantis
539 1429 714 1480 laudes
760 1427 1022 1490 jacebunt.
1087 1423 1323 1473 Urbanos
1345 1459 1359 1481 ‚
1402 1418 1493 1484 qui
1530 1416 1643 1469 illa

338 1499 651 1552 censuerunt
673 1535 686 1553 ,
725 1506 903 1557 putem
929 1529 944 1552 ,
981 1506 1047 1540 an
1079 1487 1333 1540 miseros?
1374 1486 1626 1535 Dicerem

337 1568 570 1619 urbanos
590 1602 605 1624 ‚
639 1560 674 1610 fi
695 1559 928 1609 senatum
953 1556 1161 1606 deceret
1187 1550 1469 1605 urbanitas.
1514 1548 1628 1599 Mi-

337 1634 478 1684 seros
505 1629 668 1695 ergo?
705 1626 790 1675 sed
822 1640 981 1674 nemo
1006 1636 1114 1672 tam
1138 1620 1292 1671 miser
1317 1617 1385 1669 est
1402 1657 1416 1677 ‚
1452 1628 1510 1667 ut
1534 1615 1628 1668 illa

339 1710 575 1764 cogatur.
591 1690 831 1743 Ambitio
849 1706 996 1753 ergo,
1016 1689 1073 1740 &
1092 1684 1413 1752 procedendi
1431 1681 1630 1734 libido?

340 1765 428 1817 sed
466 1762 580 1829 quis
619 1759 752 1811 adeo
794 1756 1005 1807 demens
1034 1794 1049 1816 ‚
1087 1767 1146 1804 ut
1183 1769 1274 1817 per
1313 1751 1458 1801 suum
1482 1789 1497 1810 ,
1534 1764 1629 1815 per

339 1829 614 1897 publicum
662 1824 887 1874 dedecus
930 1820 1214 1885 procedere
1260 1817 1423 1868 vellet
1466 1814 1521 1864 in
1565 1813 1630 1865 ea

341 1895 561 1948 civitate
583 1932 597 1951 ‚
640 1889 699 1940 in
722 1887 824 1955 qud
853 1885 939 1936 hic
967 1885 1090 1936 effer
1116 1885 1227 1936 usus
1258 1881 1631 1933 florentiffimae

344 1957 617 2028 dignitatis
640 1995 655 2019 ‚
698 1969 754 2006 ut
778 1952 972 2018 primus
998 1951 1054 2000 in
1080 1950 1256 2000 senatu
1278 1948 1487 1998 laudare
1510 1947 1631 1997 Pal-.-

340 2030 543 2080 lantem
576 2022 738 2090 poffet
770 2033 783 2068 ?
837 2019 997 2069 Mitto
1039 2016 1182 2082 quod
1212 2012 1437 2065 Pallanti
1471 2011 1628 2064 servo

342 2092 561 2159 praetoria
583 2099 848 2139 ornamenta
870 2083 1121 2152 offeruntur
1138 2102 1152 2129 s
1179 2080 1371 2147 quippe
1393 2077 1628 2132 offerun⁴

343 2176 428 2215 tur
455 2179 485 2211 a
507 2155 663 2208 servis
684 2174 695 2205 z
719 2153 875 2204 mitto
900 2150 1044 2216 quod
1064 2147 1276 2200 censent
1292 2187 1307 2209 ,
1334 2145 1448 2196 Non
1467 2144 1628 2194 exhor-

347 2226 540 2278 tandum
582 2221 706 2271 mod&
742 2259 757 2280 ‚
806 2220 962 2268 verum
1003 2215 1143 2265 etiam
1183 2211 1531 2274 compellendum
1565 2209 1630 2259 ad

346 2296 469 2361 ustam
504 2305 740 2339 aureorum
784 2283 1043 2334 anulorum.
1097 2283 1216 2331 Erat
1256 2277 1400 2330 enim
1439 2290 1629 2329 contra

408 2438 422 2457 1
445 2425 543 2465 Haec
564 2421 749 2475 epistola,
769 2430 813 2457 ut
828 2421 950 2466 &ea,
982 2431 991 2460 τ
1020 2409 1630 2469 temporumincredibilemque

350 2495 472 2536 quam
507 2476 620 2529 supr&
660 2475 865 2515 attulimus
902 2487 953 2512 ex
983 2463 988 2499 ³,
1020 2473 1263 2510 libertorum
1297 2466 1522 2519 potentiam
1555 2462 1628 2504 de.-

349 2537 458 2576 libro
493 2535 571 2572 VII
602 2565 610 2579 ,
659 2544 707 2575 29
735 2561 744 2576 ,
784 2529 953 2568 illustrat
984 2566 988 2582 ἱ
1021 2524 1228 2566 monstrat.

350 2591 537 2632 Tacitum
565 2584 715 2625 Annal.
744 2585 817 2622 XII
842 2616 849 2629 ,
888 2598 949 2630 53·
981 2585 987 2621 ξ
1075 2591 1090 2610 2
1126 2578 1293 2619 Gallicae
1312 2571 1629 2620 monetaelibras,

352 2637 953 2690 &infamiamClaudianorum
1022 2642 1254 2684 2,918‚?48.
