1655 3088
277 196 752 241 ANNALIUM
810 179 1078 240 L113.I.
1247 206 1320 260 39

55 283 315 344 abunos?
356 281 469 360 quo
505 278 858 336 centuriones
895 276 1196 360 exegiffent
1237 312 1271 335 ω
1302 290 1323 344 ,2

55 367 297 449 rogitans
315 362 560 421 :nudant
579 360 817 422 universi
841 383 1071 444 corpora
1087 409 1104 434 ,
1130 386 1162 411 c<
1181 365 1320 424 cica-

1345 296 1544 326 =·===

1345 356 1394 394 A.
1414 356 1464 392 U.
1483 353 1541 396 C·

53 451 258 509 notrices
281 469 345 507 ex
367 446 718 518 vulneribus,
755 445 1053 506 verberum
1095 467 1253 506 notas
1279 479 1312 503 ο)
1383 438 1496 486 7⁶⁷·

57 532 390 617 exprobrant
416 555 433 609 3
493 553 625 588 mox
681 529 990 589 indiscretis
1047 530 1277 591 vocibus
1302 581 1320 605 ,

53 643 98 677 ιι·
111 617 286 700 Ριῖείἰα
308 614 664 675 vacationum
683 662 700 686 ,
734 615 1002 698 angustias
1028 615 1324 698 stipendii,

56 701 366 759 aduritiam
385 721 620 782 operum
638 730 670 754 υ
692 745 709 770 ‚
754 722 813 757 ac
829 699 1064 782 propriis
1086 701 1332 761 nomini-

58 785 160 844 bus
191 782 440 842 incusant
458 831 475 855 ,
513 807 547 832 <c
573 781 784 841 vallum
803 830 821 854 ‚
858 779 1019 841 fossas
1042 831 1059 856 ,
1100 784 1331 866 pabuli,

59 868 346 927 aomateriae
394 915 411 939 ,
456 866 742 949 lignorum
781 865 1032 950 adgestus
1068 899 1100 924 υ
1129 916 1147 940 ,
1200 877 1260 927 &
1291 868 1334 927 fi

61 975 171 1033 qua
187 950 294 1010 alia
312 974 377 1011 ex
394 950 706 1010 necestitate
723 998 739 1023 ‚
759 971 853 1009 aut
873 951 1130 1011 adversus
1150 953 1335 1012 otium

60 1036 359 1113 castrorum
390 1056 724 1116 quaeruntur.
774 1034 1159 1095 Atrociffimus
1185 1057 1339 1103 vete÷

62 1141 327 1178 ranorum
357 1118 569 1177 clamor
603 1118 885 1178 oriebatur
908 1168 924 1192 ‚
961 1120 1059 1201 qui
1086 1121 1298 1180 tricena
1316 1168 1340 1193 ,

63 1224 157 1262 aut
190 1201 346 1286 supra
369 1249 386 1275 ,
425 1202 695 1285 stipendia
720 1225 1079 1263 numerantes
1102 1253 1119 1277 ,
1149 1230 1181 1253 α
1212 1227 1338 1264 me-

63 1286 332 1345 aederetur
375 1283 556 1358 feffis‚
599 1310 711 1346 neu
751 1308 999 1346 mortem
1039 1289 1100 1346 in
1134 1286 1338 1348 iisdem

61 1369 386 1428 „laboribus
410 1417 427 1440 ‚
464 1367 560 1428 sed
605 1370 780 1429 finem
808 1392 925 1429 tam
957 1373 1206 1431 exercitae
1234 1373 1343 1430 mi·-

62 1453 236 1512 mlitiae
274 1501 290 1525 ‚
329 1475 514 1534 neque
553 1453 787 1537 inopem
820 1455 1076 1536 requiem
1103 1487 1137 1513 ‚a
1161 1506 1178 1531 ,
1220 1479 1346 1516 ora-

63 1537 216 1597 bant.
260 1539 430 1596 Fuere
475 1537 648 1596 etiam
696 1539 795 1619 qui
837 1537 1082 1621 legatam
1126 1564 1158 1598 a
1202 1540 1340 1601 divo

66 1620 314 1703 Augusto
337 1621 636 1703 pecuniam
658 1619 1010 1702 reposcerent
1034 1672 1050 1696 ,
1076 1622 1260 1683 faustis
1279 1625 1341 1683 in

68 1704 478 1765 Germanicum
501 1703 786 1762 ominibus
809 1729 820 1761 z
855 1713 911 1764 &
930 1754 948 1777 ‚
973 1706 1012 1764 fi
1035 1707 1207 1765 vellet
1233 1709 1344 1765 im-

67 1788 286 1871 perium
308 1835 324 1858 ‚
345 1808 632 1869 promptos
648 1788 1008 1848 ostentavere.
1033 1791 1190 1848 Tum
1209 1793 1344 1850 vero

68 1870 218 1952 quafi
268 1869 470 1928 scelere
520 1870 997 1929 contaminaretur
1032 1920 1049 1944 ,
1105 1897 1345 1957 praeceps

68 1952 332 2012 tribunali
376 1951 596 2012 defiluit
627 1979 640 2011 z
687 1952 1063 2036 opposuerunt
1111 1957 1345 2017 abeuntl

68 2059 222 2097 arma
238 2084 254 2110 ‚
276 2036 597 2097 minitantes
611 2086 627 2109 ‚
653 2038 713 2095 ni
727 2038 1133 2120 regrederetur.
1150 2040 1229 2099 At
1245 2041 1346 2102 ille

73 2145 107 2170 α
127 2120 462 2179 moriturum
483 2119 665 2203 potius
683 2121 856 2202 quam
880 2122 1055 2184 fidem
1076 2146 1342 2186 exueret»

73 2203 360 2265 clamitans
383 2252 400 2277 ,
425 2201 638 2265 ferrum
665 2229 696 2264 a
715 2206 885 2269 latete
912 2207 1143 2291 diripuit
1164 2257 1182 2282 ‚
1227 2209 1343 2269 ela-

73 2309 306 2370 tumque
332 2287 621 2348 deferebat
644 2289 703 2347 in
728 2294 916 2372 perstas
944 2340 961 2365 ,
1007 2293 1066 2350 ni
1099 2294 1341 2374 proximi

74 2370 326 2456 prensam
345 2373 599 2432 dextram
617 2374 674 2433 vi
696 2373 1057 2436 attinuiffent.
1082 2379 1344 2437 Extrema

77 2465 135 2517 &
163 2456 496 2539 conglobata
518 2458 662 2517 inter
688 2456 741 2517 se
765 2481 885 2541 pars
915 2460 1201 2519 concionis
1224 2509 1242 2533 ,
1278 2485 1343 2520 ac

75 2541 168 2599 vix
190 2540 458 2601 credibile
482 2542 669 2614 dictu,
708 2542 942 2623 quidam
983 2542 1182 2626 finguli
1211 2566 1341 2626 pro-

79 2623 198 2707 pitis
217 2624 567 2703 incedenteS,
592 2652 623 2679 <‹
639 2624 829 2693 feriret
849 2660 881 2688 >2
902 2676 921 2705 ,
943 2628 1309 2691 hortabantur
1324 2651 1341 2685 ε

1410 587 1519 637 14η,
