1703 3083
434 86 494 155 P
528 81 714 152 RAE
747 79 894 150 FA
937 81 1171 153 TJO.
1349 86 1451 184 vij.

165 198 352 268 Vidit
405 196 712 266 obseffam
763 196 1009 263 curiam
1055 245 1078 281 ,
1154 193 1444 269 clausum

166 295 352 361 armis
383 291 671 360 senatum
697 344 717 378 ,
757 291 1082 358 senatores
1120 290 1189 355 in
1221 315 1442 362 carce-

163 411 299 456 rem
325 413 360 454 a
384 384 782 455 senatoribus
811 384 1039 452 ductos
1060 437 1080 470 ‚
1116 405 1227 452 aut
1251 387 1441 454 inno-

161 484 338 550 centi
363 482 649 575 perfusos
673 481 1003 573 sanguine.
1033 476 1227 546 Talia
1251 479 1439 549 Prin-

161 577 322 668 cipis
358 577 737 667 senatusque
775 574 1124 668 opprobria
1157 573 1384 644 vidiffe
1416 628 1439 664 ,

158 672 360 762 iisque
402 671 732 740 senatoriae
778 671 1109 762 dignitatis
1164 671 1441 738 neceffi-

158 788 293 835 tate
326 766 676 835 interfuisse
705 768 796 834 ita
830 764 1212 834 inhorrescit
1242 815 1264 851 ‚
1315 788 1387 833 ut
1410 787 1438 853 ,·

158 857 270 928 vel
310 884 385 928 ea
435 859 1018 929 commemorando
1042 913 1065 947 9
1108 860 1171 928 se
1202 861 1437 952 flagitii

155 978 280 1023 nec
308 957 700 1043 ministrum,
738 981 861 1024 nec
896 955 1211 1023 suasorem
1230 1007 1252 1041 ,
1288 981 1436 1024 unk-

157 1074 352 1141 quam
378 1051 562 1120 fuisse
588 1052 731 1119 satis
758 1050 1118 1144 prodiderit
1150 1059 1191 1119 ¹.

249 1144 464 1212 FOEDA
513 1146 891 1214 criminibus
921 1198 942 1232 ‚
992 1143 1173 1213 luctu
1220 1148 1430 1216 maesta

152 1259 449 1333 tempora
470 1239 853 1308 exhilaravit
870 1241 1180 1334 Princeps
1200 1242 1431 1310 Nerva

149 1358 322 1402 anno
339 1334 531 1402 Urbis
550 1335 828 1403 conditae
846 1357 1130 1403 DCCCXL
1144 1336 1429 1405 IX.Tum

148 1428 355 1498 redire
382 1432 608 1497 virtuti
636 1430 833 1499 decus
853 1483 874 1516 ,
909 1432 1083 1498 vitiis
1116 1431 1379 1500 infamia
1399 1485 1426 1521 ,

147 1522 371 1591 sceleri
399 1527 691 1593 exitium.
727 1527 1078 1618 Auspicata
1098 1529 1426 1620 principa-

145 1618 247 1685 tus
270 1620 453 1687 initia
479 1622 807 1712 insignivit
827 1620 1161 1711 fingularis
1185 1623 1421 1688 consu-

141 1709 326 1783 latus.
379 1715 794 1806 Dignitatem
822 1716 998 1781 enim
1028 1739 1199 1781 anno
1222 1714 1420 1785 Urbis

139 1808 418 1877 conditae
465 1831 705 1877 DCCCL
753 1811 958 1877 iniere
1006 1809 1234 1876 Nerva
1267 1811 1419 1876 Au-

136 1904 353 1993 gustus
395 1904 499 1970 ΙΠ
550 1910 618 1972 ὃς
656 1903 1013 1996 Verginius
1055 1904 1271 1972 Rufus
1312 1906 1421 1974 III,

138 1996 436 2066 consules
476 2023 495 2078 3
565 1995 678 2066 ille
736 2001 1012 2093 imperio
1074 2024 1241 2091 aegre
1300 2025 1417 2068 ca·-

137 2093 369 2185 pessito
402 2145 423 2178 ,
471 2095 582 2161 hic
618 2092 867 2162 adserto
907 2092 1068 2161 olim
1101 2101 1169 2162 ὃς
1200 2096 1417 2190 spreto

133 2183 388 2256 illustris
435 2214 448 2253 :
508 2211 792 2280 utroque
851 2187 1121 2257 consule
1176 2190 1415 2285 dignus

133 2283 410 2352 Tacitus
437 2334 458 2369 ,
507 2285 575 2351 in
607 2284 783 2379 spem
806 2338 828 2372 ‚
875 2309 1070 2377 quam
1098 2288 1235 2357 citi)
1272 2308 1410 2356 erat

133 2399 568 2472 occupaturus
603 2431 626 2468 ,
691 2380 1076 2473 defignatuS.
1155 2383 1238 2451 In
1276 2383 1409 2450 hoc

199 2518 220 2550 1
259 2501 409 2553 Tacit.
433 2502 533 2558 Vit.
550 2503 714 2571 Agr-ic.
742 2520 848 2570 cap.
867 2519 947 2564 45.
1026 2570 1027 2574 Ἰ
1191 2572 1203 2584 .

1095 2599 1136 2641 a
1178 2596 1248 2643 ZV
