1682 3110
273 175 338 219 xc
531 160 1341 222 TESTIM'ONIA

277 257 494 321 cinere,
534 257 815 326 mixtisque
853 258 1150 324 pumicibus
1191 258 1402 334 oppleta
1442 257 1554 314 sur-21

276 336 518 387 rexerat,
555 338 646 389 ut,
683 324 720 376 fi
752 325 899 391 longi
906 343 964 376 or
999 326 1055 376 in
1090 325 1335 377 cubiculo
1368 342 1551 387 mora,

273 390 447 442 exitus
470 404 759 466 negaretur.
805 392 1069 442 Excitatus
1090 391 1366 466 procedit,
1393 391 1550 458 seque

274 456 684 523 Pomponiano,
722 457 1008 522 ceterisque
1029 458 1118 522 qui
1142 430 1514 522 pervigilarant
1531 493 1549 517 ‚

273 523 462 574 reddit.
499 526 560 574 In
584 540 868 598 commune
889 523 1218 584 consultant,
1254 523 1391 574 intra
1417 526 1550 574 tecla

218 634 229 639 γ,
274 588 539 640 subfistant
568 629 583 651 ‚
633 607 701 641 an
743 589 798 640 in
841 602 1023 653 aperto
1067 602 1341 654 vagentur
1413 589 1553 639 Nam

273 654 467 706 crebris
489 656 738 722 vastisque
766 655 1080 706 tremoribus
1108 659 1238 706 tecta
1263 655 1553 717 nutabant,

271 722 332 773 δί
351 720 491 788 quasi
513 735 688 773 emota
716 721 920 772 sedibus
944 721 1073 781 suiS,
1098 738 1237 772 nunc
1256 720 1390 781 huc,
1412 738 1554 771 nunc

272 786 402 838 illuc
434 787 579 839 abire
613 800 704 839 aut
728 787 907 839 referri
941 760 1272 839 vide’bantur.
1322 789 1424 837 Sub
1459 786 1552 837 dio

269 853 439 905 rursus
472 893 487 915 ‚
538 868 857 920 quamquam
908 852 1110 904 levium
1171 853 1554 920 exesorumque

270 919 542 994 pumicum
583 920 723 971 casus
769 921 1101 971 metuebatur
1125 958 1141 979 ,
1190 920 1335 985 quod
1376 935 1554 972 tamen

271 986 628 1061 periculorum
659 982 880 1038 collatio
919 986 1112 1052 elegit3
1158 986 1213 1036 ὃς
1240 986 1377 1050 apud
1401 986 1554 1036 illum

271 1052 492 1116 quidem
512 1053 646 1104 ratio
668 1051 966 1113 rationem,-
995 1053 1131 1117 apud
1151 1051 1283 1102 alios
1303 1052 1553 1103 timorem

273 1119 437 1170 timor
470 1118 618 1169 vicit.
679 1117 977 1170 Cervicalia
1016 1117 1270 1191 capitibus
1312 1117 1554 1183 imposita

273 1183 454 1235 linteis
487 1183 867 1259 constringunt
935 1184 996 1234 Id
1030 1183 1418 1235 munimentum
1457 1184 1556 1233 ad-

273 1267 450 1301 versus
483 1250 773 1302 incidentia
804 1249 921 1301 fuit.
953 1249 1069 1301 Jam
1104 1248 1211 1301 dies
1246 1249 1406 1312 alibi,
1443 1249 1561 1302 illic

274 1333 389 1368 nox
421 1317 665 1368 omnibus
697 1317 940 1368 noctibus
971 1315 1180 1390 nigrior
1205 1315 1515 1391 densiorque
1536 1352 1553 1374 ,

273 1398 435 1448 quam
468 1395 644 1435 tamen
681 1381 820 1434 faces
859 1358 1060 1433 multae
1071 1381 1320 1447 variaque
1356 1382 1558 1434 lumina

274 1449 594 1501 solabantur
668 1446 869 1500 Placuit
912 1448 1087 1523 egredi
1132 1465 1190 1498 in
1228 1448 1348 1499 litus
1375 1487 1390 1510 ,
1432 1449 1490 1500 ὃς
1529 1466 1559 1499 e

275 1514 525 1581 proximo
562 1513 787 1580 aspicere
823 1514 1067 1581 ecquid]
1073 1532 1155 1566 am
1188 1531 1329 1566 mare
1362 1513 1561 1564 admits.

276 1594 411 1633 teret
429 1621 445 1644 ‚
481 1583 627 1648 quod
651 1581 818 1633 adhuc
841 1582 1038 1632 vastum
1051 1534 1118 1634 J&
1138 1582 1239 1632 aiv
1247 1580 1411 1631 ersum
1437 1597 1564 1643 per-r

275 1649 542 1699 manebat.
592 1647 674 1699 Ibi
704 1648 851 1713 super
871 1649 1131 1711 abjectum
1156 1646 1377 1698 linteum
1404 1664 1562 1698 recu-

276 1715 439 1773 bans,
462 1714 688 1764 semelat
695 1730 831 1779 que
816 1714 1004 1764 iterum
1026 1713 1269 1780 frigidam
1288 1712 1565 1779 poposcit,

277 1779 581 1854 hausitque:
623 1780 814 1831 deinde
843 1781 1103 1841 flammae,-
1095 1759 1560 1855 flammarumque

277 1846 597 1913 praenuntius
640 1846 778 1896 odor
813 1844 1019 1896 sulfuris
1053 1885 1067 1907 ,
1123 1846 1254 1897 alios
1291 1846 1346 1896 in
1384 1845 1561 1911 fugam

278 1924 539 1973 vertunt,
579 1910 812 1962 excitant
845 1910 1015 1962 illum.
1074 1911 1310 1962 Innitens
1347 1911 1563 1963 servulis

282 1979 490 2030 duobus
535 1976 840 2037 assurrexit,
880 1977 937 2029 &
974 1975 1142 2028 statim
1183 1976 1465 2038 concidit,
1504 1976 1564 2030 ut

283 2062 384 2111 ego
413 2044 692 2107 conject0‚
731 2042 962 2095 crassiore
997 2042 1224 2108 caligine
1241 2042 1434 2118 spiritu
1458 2044 1566 2094 ob·-

283 2111 503 2168 strudto,
535 2110 814 2175 clausoque
837 2109 1138 2169 stomach0‚
1165 2126 1254 2176 qui
1277 2108 1358 2159 1111
1378 2109 1562 2161 natura

284 2175 548 2227 invalidus
580 2216 594 2238 ,
645 2175 878 2240 angustus
907 2215 922 2237 ,
970 2176 1029 2227 ὃς
1065 2174 1368 2249 frequenter
1403 2174 1564 2226 inter-

284 2244 491 2294 aestuans
518 2255 645 2293 erat.
671 2244 793 2293 Ubi
828 2242 936 2293 dies
971 2241 1201 2294 redditus
1240 2240 1321 2305 (is
1361 2242 1424 2291 ab
1458 2259 1563 2304 e0‚

285 2326 444 2383 quem
486 2308 757 2361 novissime
805 2308 1058 2368 viderat,
1107 2305 1328 2370 tertius)
1375 2324 1562 2372 corpus

287 2373 567 2426 inventum
592 2375 882 2441 integrum,
911 2373 1156 2432 illaesum,
1180 2386 1560 2447 opertumque,

286 2453 346 2494 ut
379 2441 545 2493 fuerat
585 2415 836 2493 indutus:
874 2440 1078 2491 habitus
1117 2456 1352 2504 corporis
1391 2439 1564 2513 quies-

288 2508 430 2559 centi
467 2524 622 2574 quam
652 2507 898 2559 defuncto
921 2505 1167 2557 similior.
1219 2503 1438 2555 Interim
1458 2504 1562 2555 Mi-

291 2572 395 2626 seni
418 2591 514 2640 ego
536 2575 786 2626 &maten
805 2574 904 2624 Sed
923 2572 1054 2623 n1h11
1070 2572 1133 2622 ad
1149 2570 1443 2627 historiam
1463 2587 1566 2624 nec

292 2648 354 2693 tu
379 2640 523 2698 aliud
556 2640 714 2710 quam
750 2640 815 2696 de
848 2637 995 2696 exitu
1028 2639 1136 2705 ejus
1172 2636 1300 2694 scire
1334 2608 1575 2695 vosuisti.
1641 2662 1643 2665 ·
