<?xml version="1.0" encoding="UTF-8"?>
<!DOCTYPE html PUBLIC "-//W3C//DTD XHTML 1.0 Transitional//EN"
    "http://www.w3.org/TR/xhtml1/DTD/xhtml1-transitional.dtd">
<html xmlns="http://www.w3.org/1999/xhtml" xml:lang="en" lang="en">
 <head>
  <title>
</title>
<meta http-equiv="Content-Type" content="text/html;charset=utf-8" />
  <meta name='ocr-system' content='tesseract 3.04.00' />
  <meta name='ocr-capabilities' content='ocr_page ocr_carea ocr_par ocr_line ocrx_word'/>
</head>
<body>
  <div class='ocr_page' id='page_1' title='image "./ccorneliitacitio01taci_0497.png"; bbox 0 0 1655 3088; ppageno 0'>
   <div class='ocr_carea' id='block_1_1' title="bbox 438 121 1458 197">
    <p class='ocr_par' dir='ltr' id='par_1_1' title="bbox 438 121 1458 197">
     <span class='ocr_line' id='line_1_1' title="bbox 438 121 1458 197; baseline -0.012 -8"><span class='ocrx_word' id='word_1_1' title='bbox 438 143 896 188; x_wconf 72' lang='lat' dir='ltr'>&#39;ANNAmuM</span> <span class='ocrx_word' id='word_1_2' title='bbox 945 121 1212 181; x_wconf 78' lang='lat' dir='ltr'>NorAE.</span> <span class='ocrx_word' id='word_1_3' title='bbox 1340 126 1458 197; x_wconf 80' lang='lat'>367</span> 
     </span>
    </p>
   </div>
   <div class='ocr_carea' id='block_1_2' title="bbox 249 220 1457 348">
    <p class='ocr_par' dir='ltr' id='par_1_2' title="bbox 249 220 1457 348">
     <span class='ocr_line' id='line_1_2' title="bbox 249 220 1014 292; baseline -0.012 -15"><span class='ocrx_word' id='word_1_4' title='bbox 249 224 636 292; x_wconf 74' lang='lat' dir='ltr'>Augustodunum.</span> <span class='ocrx_word' id='word_1_5' title='bbox 677 223 819 271; x_wconf 89' lang='lat' dir='ltr'>Nunc</span> <span class='ocrx_word' id='word_1_6' title='bbox 843 220 1014 271; x_wconf 71' lang='lat' dir='ltr'>Autan.</span> 
     </span>
     <span class='ocr_line' id='line_1_3' title="bbox 253 283 1457 348; baseline -0.009 -7"><span class='ocrx_word' id='word_1_7' title='bbox 253 290 303 341; x_wconf 90' lang='lat' dir='ltr'><em>V</em></span> <span class='ocrx_word' id='word_1_8' title='bbox 302 290 526 340; x_wconf 74' lang='lat' dir='ltr'>enabuliS.</span> <span class='ocrx_word' id='word_1_9' title='bbox 545 289 841 341; x_wconf 78' lang='lat' dir='ltr'>Venabulum</span> <span class='ocrx_word' id='word_1_10' title='bbox 862 326 874 348; x_wconf 92' lang='lat'>,</span> <span class='ocrx_word' id='word_1_11' title='bbox 894 287 1035 335; x_wconf 88' lang='lat' dir='ltr'>telum</span> <span class='ocrx_word' id='word_1_12' title='bbox 1055 302 1148 334; x_wconf 85' lang='lat' dir='ltr'>erat</span> <span class='ocrx_word' id='word_1_13' title='bbox 1167 283 1423 332; x_wconf 86' lang='lat' dir='ltr'>latiffimum</span> <span class='ocrx_word' id='word_1_14' title='bbox 1441 321 1457 345; x_wconf 90' lang='lat'>‚</span> 
     </span>
    </p>
   </div>
   <div class='ocr_carea' id='block_1_3' title="bbox 183 355 1460 483">
    <p class='ocr_par' dir='ltr' id='par_1_3' title="bbox 183 355 1460 483">
     <span class='ocr_line' id='line_1_4' title="bbox 183 355 684 422; baseline -0.004 -19"><span class='ocrx_word' id='word_1_15' title='bbox 183 360 232 402; x_wconf 72' lang='grc' dir='ltr'>δε</span> <span class='ocrx_word' id='word_1_16' title='bbox 254 358 368 403; x_wconf 85' lang='lat' dir='ltr'>aciei</span> <span class='ocrx_word' id='word_1_17' title='bbox 398 355 684 422; x_wconf 82' lang='lat' dir='ltr'>longiffimae.</span> 
     </span>
     <span class='ocr_line' id='line_1_5' title="bbox 252 414 1460 483; baseline -0.004 -14"><span class='ocrx_word' id='word_1_18' title='bbox 252 420 582 483; x_wconf 69' lang='lat' dir='ltr'>Crupellarim.</span> <span class='ocrx_word' id='word_1_19' title='bbox 629 418 765 468; x_wconf 74' lang='lat' dir='ltr'>Forte</span> <span class='ocrx_word' id='word_1_20' title='bbox 801 422 866 467; x_wconf 84' lang='lat' dir='ltr'>ita</span> <span class='ocrx_word' id='word_1_21' title='bbox 902 416 1046 466; x_wconf 61' lang='grc' dir='ltr'>ἀίδιος</span> <span class='ocrx_word' id='word_1_22' title='bbox 1080 434 1108 465; x_wconf 90' lang='lat' dir='ltr'>a</span> <span class='ocrx_word' id='word_1_23' title='bbox 1140 432 1255 463; x_wconf 90' lang='lat' dir='ltr'>voce</span> <span class='ocrx_word' id='word_1_24' title='bbox 1282 414 1460 464; x_wconf 59' lang='lat' dir='ltr'>Celtica</span> 
     </span>
    </p>
   </div>
   <div class='ocr_carea' id='block_1_4' title="bbox 183 483 981 556">
    <p class='ocr_par' dir='ltr' id='par_1_4' title="bbox 183 483 981 556">
     <span class='ocr_line' id='line_1_6' title="bbox 183 483 981 556; baseline 0 -24"><span class='ocrx_word' id='word_1_25' title='bbox 183 501 366 548; x_wconf 77' lang='lat' dir='ltr'>crepet,</span> <span class='ocrx_word' id='word_1_26' title='bbox 402 506 501 556; x_wconf 89' lang='lat' dir='ltr'>quae</span> <span class='ocrx_word' id='word_1_27' title='bbox 532 504 713 554; x_wconf 82' lang='lat' dir='ltr'>torpere</span> <span class='ocrx_word' id='word_1_28' title='bbox 747 483 981 552; x_wconf 83' lang='lat' dir='ltr'>fignificat.</span> 
     </span>
    </p>
   </div>
   <div class='ocr_carea' id='block_1_5' title="bbox 179 608 1462 863">
    <p class='ocr_par' dir='ltr' id='par_1_5' title="bbox 179 608 1462 733">
     <span class='ocr_line' id='line_1_7' title="bbox 248 608 1462 682; baseline -0.005 -17"><span class='ocrx_word' id='word_1_29' title='bbox 248 614 374 665; x_wconf 84' lang='lat' dir='ltr'><strong>CAP.</strong></span> <span class='ocrx_word' id='word_1_30' title='bbox 419 617 580 668; x_wconf 86' lang='lat' dir='ltr'><strong>XLV.</strong></span> <span class='ocrx_word' id='word_1_31' title='bbox 658 616 972 682; x_wconf 76' lang='lat' dir='ltr'><strong><em>Sequanorum</em></strong></span> <span class='ocrx_word' id='word_1_32' title='bbox 1009 630 1172 682; x_wconf 79' lang='lat' dir='ltr'>pagos.</span> <span class='ocrx_word' id='word_1_33' title='bbox 1229 612 1373 661; x_wconf 90' lang='lat' dir='ltr'>Nunc</span> <span class='ocrx_word' id='word_1_34' title='bbox 1412 608 1462 659; x_wconf 81' lang='lat' dir='ltr'>la</span> 
     </span>
     <span class='ocr_line' id='line_1_8' title="bbox 179 676 605 733; baseline 0.007 -5"><span class='ocrx_word' id='word_1_35' title='bbox 179 676 392 731; x_wconf 74' lang='lat' dir='ltr'>Francfze</span> <span class='ocrx_word' id='word_1_36' title='bbox 427 683 605 733; x_wconf 68' lang='lat' dir='ltr'>Comce.</span> 
     </span>
    </p>

    <p class='ocr_par' dir='ltr' id='par_1_6' title="bbox 181 745 1462 863">
     <span class='ocr_line' id='line_1_9' title="bbox 246 745 1462 814; baseline -0.002 -20"><span class='ocrx_word' id='word_1_37' title='bbox 246 746 584 798; x_wconf 76' lang='lat' dir='ltr'><em>Duodecimum</em></span> <span class='ocrx_word' id='word_1_38' title='bbox 624 747 745 810; x_wconf 76' lang='lat' dir='ltr'>apud</span> <span class='ocrx_word' id='word_1_39' title='bbox 783 745 994 809; x_wconf 79' lang='lat' dir='ltr'>lapidem.</span> <span class='ocrx_word' id='word_1_40' title='bbox 1044 746 1307 814; x_wconf 83' lang='lat' dir='ltr'>Pugnatum</span> <span class='ocrx_word' id='word_1_41' title='bbox 1343 745 1462 792; x_wconf 81' lang='lat' dir='ltr'>inter</span> 
     </span>
     <span class='ocr_line' id='line_1_10' title="bbox 181 811 648 863; baseline 0 -1"><span class='ocrx_word' id='word_1_42' title='bbox 181 811 343 862; x_wconf 71' lang='lat' dir='ltr'>Autan</span> <span class='ocrx_word' id='word_1_43' title='bbox 370 821 414 862; x_wconf 90' lang='lat'>&amp;</span> <span class='ocrx_word' id='word_1_44' title='bbox 443 815 648 863; x_wconf 69' lang='lat' dir='ltr'>Rea-une.</span> 
     </span>
    </p>
   </div>
   <div class='ocr_carea' id='block_1_6' title="bbox 246 876 1424 1007">
    <p class='ocr_par' dir='ltr' id='par_1_7' title="bbox 246 876 1424 1007">
     <span class='ocr_line' id='line_1_11' title="bbox 246 876 853 946; baseline 0.002 -21"><span class='ocrx_word' id='word_1_45' title='bbox 246 876 483 929; x_wconf 76' lang='lat' dir='ltr'>Ferraros.</span> <span class='ocrx_word' id='word_1_46' title='bbox 521 879 853 946; x_wconf 86' lang='lat' dir='ltr'>Crupellarios.</span> 
     </span>
     <span class='ocr_line' id='line_1_12' title="bbox 248 939 1424 1007; baseline -0.003 -15"><span class='ocrx_word' id='word_1_47' title='bbox 248 941 442 1007; x_wconf 72' lang='lat' dir='ltr'>Quanto</span> <span class='ocrx_word' id='word_1_48' title='bbox 470 946 805 994; x_wconf 72' lang='lat' dir='ltr'><em>intolerantior.</em></span> <span class='ocrx_word' id='word_1_49' title='bbox 851 939 1044 1006; x_wconf 76' lang='lat' dir='ltr'>Quanto</span> <span class='ocrx_word' id='word_1_50' title='bbox 1077 941 1424 990; x_wconf 81' lang='lat' dir='ltr'>intolerabilior.</span> 
     </span>
    </p>
   </div>
   <div class='ocr_carea' id='block_1_7' title="bbox 171 1007 1461 1537">
    <p class='ocr_par' dir='ltr' id='par_1_8' title="bbox 171 1007 1461 1537">
     <span class='ocr_line' id='line_1_13' title="bbox 245 1007 1458 1076; baseline -0.003 -17"><span class='ocrx_word' id='word_1_51' title='bbox 245 1007 437 1059; x_wconf 77' lang='lat' dir='ltr'><em>Veteres</em></span> <span class='ocrx_word' id='word_1_52' title='bbox 456 1010 694 1061; x_wconf 80' lang='lat' dir='ltr'><em>Gallorum</em></span> <span class='ocrx_word' id='word_1_53' title='bbox 705 1008 857 1076; x_wconf 73' lang='lat' dir='ltr'>gloria</span> <span class='ocrx_word' id='word_1_54' title='bbox 870 1025 899 1054; x_wconf 69' lang='grc' dir='ltr'>τ,</span> <span class='ocrx_word' id='word_1_55' title='bbox 919 1007 1042 1057; x_wconf 62' lang='lat' dir='ltr'>Cum</span> <span class='ocrx_word' id='word_1_56' title='bbox 1074 1010 1121 1055; x_wconf 87' lang='lat' dir='ltr'>in</span> <span class='ocrx_word' id='word_1_57' title='bbox 1136 1010 1289 1072; x_wconf 85' lang='lat' dir='ltr'>priore</span> <span class='ocrx_word' id='word_1_58' title='bbox 1302 1007 1458 1055; x_wconf 83' lang='lat' dir='ltr'>Taciti</span> 
     </span>
     <span class='ocr_line' id='line_1_14' title="bbox 176 1071 1460 1142; baseline -0.001 -21"><span class='ocrx_word' id='word_1_59' title='bbox 176 1071 407 1137; x_wconf 76' lang='lat' dir='ltr'>editione,</span> <span class='ocrx_word' id='word_1_60' title='bbox 427 1075 571 1142; x_wconf 83' lang='lat' dir='ltr'>prisca</span> <span class='ocrx_word' id='word_1_61' title='bbox 604 1093 670 1125; x_wconf 84' lang='lat' dir='ltr'>tot</span> <span class='ocrx_word' id='word_1_62' title='bbox 707 1077 912 1142; x_wconf 81' lang='lat' dir='ltr'>gentium</span> <span class='ocrx_word' id='word_1_63' title='bbox 942 1090 1244 1122; x_wconf 86' lang='lat' dir='ltr'>monumenta</span> <span class='ocrx_word' id='word_1_64' title='bbox 1272 1073 1460 1120; x_wconf 87' lang='lat' dir='ltr'>illustra-</span> 
     </span>
     <span class='ocr_line' id='line_1_15' title="bbox 175 1135 1458 1201; baseline 0 -15"><span class='ocrx_word' id='word_1_65' title='bbox 175 1142 321 1189; x_wconf 88' lang='lat' dir='ltr'>verim</span> <span class='ocrx_word' id='word_1_66' title='bbox 341 1179 353 1201; x_wconf 91' lang='lat'>‚</span> <span class='ocrx_word' id='word_1_67' title='bbox 379 1160 437 1189; x_wconf 87' lang='lat' dir='ltr'>ne</span> <span class='ocrx_word' id='word_1_68' title='bbox 459 1144 719 1191; x_wconf 86' lang='lat' dir='ltr'>nostrorum</span> <span class='ocrx_word' id='word_1_69' title='bbox 742 1137 993 1190; x_wconf 86' lang='lat' dir='ltr'>incuriosus</span> <span class='ocrx_word' id='word_1_70' title='bbox 1016 1138 1170 1187; x_wconf 86' lang='lat' dir='ltr'>videar</span> <span class='ocrx_word' id='word_1_71' title='bbox 1185 1177 1199 1199; x_wconf 84' lang='lat'>,</span> <span class='ocrx_word' id='word_1_72' title='bbox 1232 1135 1309 1186; x_wconf 80' lang='lat' dir='ltr'>hic</span> <span class='ocrx_word' id='word_1_73' title='bbox 1334 1140 1458 1200; x_wconf 85' lang='lat' dir='ltr'>juvat</span> 
     </span>
     <span class='ocr_line' id='line_1_16' title="bbox 175 1203 1458 1274; baseline 0 -21"><span class='ocrx_word' id='word_1_74' title='bbox 175 1221 349 1254; x_wconf 87' lang='lat' dir='ltr'>veteres</span> <span class='ocrx_word' id='word_1_75' title='bbox 391 1206 639 1261; x_wconf 81' lang='lat' dir='ltr'>Gallorum</span> <span class='ocrx_word' id='word_1_76' title='bbox 680 1209 849 1274; x_wconf 87' lang='lat' dir='ltr'>glorias</span> <span class='ocrx_word' id='word_1_77' title='bbox 894 1205 1139 1271; x_wconf 85' lang='lat' dir='ltr'>explicare.</span> <span class='ocrx_word' id='word_1_78' title='bbox 1201 1203 1458 1272; x_wconf 82' lang='lat' dir='ltr'>Egregium</span> 
     </span>
     <span class='ocr_line' id='line_1_17' title="bbox 175 1269 1460 1339; baseline 0 -21"><span class='ocrx_word' id='word_1_79' title='bbox 175 1286 503 1339; x_wconf 78' lang='lat' dir='ltr'>argumentum</span> <span class='ocrx_word' id='word_1_80' title='bbox 521 1313 535 1335; x_wconf 84' lang='lat'>‚</span> <span class='ocrx_word' id='word_1_81' title='bbox 554 1275 808 1322; x_wconf 84' lang='lat' dir='ltr'>nostrarum</span> <span class='ocrx_word' id='word_1_82' title='bbox 825 1289 977 1320; x_wconf 88' lang='lat' dir='ltr'>tamen</span> <span class='ocrx_word' id='word_1_83' title='bbox 995 1288 1145 1319; x_wconf 88' lang='lat' dir='ltr'>rerum</span> <span class='ocrx_word' id='word_1_84' title='bbox 1168 1269 1460 1337; x_wconf 73' lang='lat' dir='ltr'>scriptoribus</span> 
     </span>
     <span class='ocr_line' id='line_1_18' title="bbox 171 1335 1458 1406; baseline -0.002 -21"><span class='ocrx_word' id='word_1_85' title='bbox 171 1336 413 1386; x_wconf 63' lang='lat' dir='ltr'>intaaum.</span> <span class='ocrx_word' id='word_1_86' title='bbox 435 1339 503 1388; x_wconf 88' lang='lat' dir='ltr'>Ita</span> <span class='ocrx_word' id='word_1_87' title='bbox 518 1339 640 1406; x_wconf 86' lang='lat' dir='ltr'>apud</span> <span class='ocrx_word' id='word_1_88' title='bbox 660 1358 739 1388; x_wconf 85' lang='lat' dir='ltr'>eos</span> <span class='ocrx_word' id='word_1_89' title='bbox 752 1339 945 1387; x_wconf 85' lang='lat' dir='ltr'>invaluit</span> <span class='ocrx_word' id='word_1_90' title='bbox 957 1335 1242 1387; x_wconf 83' lang='lat' dir='ltr'>Francorum</span> <span class='ocrx_word' id='word_1_91' title='bbox 1255 1354 1428 1384; x_wconf 88' lang='lat' dir='ltr'>nomen</span> <span class='ocrx_word' id='word_1_92' title='bbox 1442 1373 1458 1396; x_wconf 92' lang='lat'>‚</span> 
     </span>
     <span class='ocr_line' id='line_1_19' title="bbox 174 1401 1461 1471; baseline -0.002 -20"><span class='ocrx_word' id='word_1_93' title='bbox 174 1417 224 1451; x_wconf 88' lang='lat' dir='ltr'>ut</span> <span class='ocrx_word' id='word_1_94' title='bbox 250 1402 500 1453; x_wconf 80' lang='lat' dir='ltr'>Gallorum</span> <span class='ocrx_word' id='word_1_95' title='bbox 533 1404 716 1471; x_wconf 86' lang='lat' dir='ltr'>prorsus</span> <span class='ocrx_word' id='word_1_96' title='bbox 747 1402 1083 1452; x_wconf 89' lang='lat' dir='ltr'>obliviscantur.</span> <span class='ocrx_word' id='word_1_97' title='bbox 1118 1404 1184 1451; x_wconf 90' lang='lat' dir='ltr'>At</span> <span class='ocrx_word' id='word_1_98' title='bbox 1211 1401 1358 1450; x_wconf 85' lang='lat' dir='ltr'>sumus</span> <span class='ocrx_word' id='word_1_99' title='bbox 1379 1419 1461 1449; x_wconf 87' lang='lat' dir='ltr'>na·-</span> 
     </span>
     <span class='ocr_line' id='line_1_20' title="bbox 172 1467 1460 1537; baseline -0.003 -19"><span class='ocrx_word' id='word_1_100' title='bbox 172 1469 274 1518; x_wconf 65' lang='lat' dir='ltr'>tura</span> <span class='ocrx_word' id='word_1_101' title='bbox 299 1467 460 1531; x_wconf 90' lang='lat' dir='ltr'>Galli,</span> <span class='ocrx_word' id='word_1_102' title='bbox 495 1488 630 1537; x_wconf 83' lang='lat' dir='ltr'>atque</span> <span class='ocrx_word' id='word_1_103' title='bbox 656 1473 792 1520; x_wconf 87' lang='lat' dir='ltr'>etiarn</span> <span class='ocrx_word' id='word_1_104' title='bbox 824 1486 929 1518; x_wconf 87' lang='lat' dir='ltr'>ante</span> <span class='ocrx_word' id='word_1_105' title='bbox 952 1467 1241 1517; x_wconf 84' lang='lat' dir='ltr'>Francorum</span> <span class='ocrx_word' id='word_1_106' title='bbox 1264 1468 1460 1534; x_wconf 85' lang='lat' dir='ltr'>expedi-</span> 
     </span>
    </p>
   </div>
   <div class='ocr_carea' id='block_1_8' title="bbox 170 1533 1460 1667">
    <p class='ocr_par' dir='ltr' id='par_1_9' title="bbox 170 1533 1460 1667">
     <span class='ocr_line' id='line_1_21' title="bbox 173 1533 1460 1600; baseline 0.001 -19"><span class='ocrx_word' id='word_1_107' title='bbox 173 1535 351 1582; x_wconf 84' lang='lat' dir='ltr'>tionem</span> <span class='ocrx_word' id='word_1_108' title='bbox 390 1537 665 1584; x_wconf 83' lang='lat' dir='ltr'>nobiliffimi.</span> <span class='ocrx_word' id='word_1_109' title='bbox 723 1535 867 1584; x_wconf 87' lang='lat' dir='ltr'>Haud</span> <span class='ocrx_word' id='word_1_110' title='bbox 902 1534 1100 1582; x_wconf 88' lang='lat' dir='ltr'>diffiteor</span> <span class='ocrx_word' id='word_1_111' title='bbox 1132 1536 1236 1600; x_wconf 90' lang='lat' dir='ltr'>post</span> <span class='ocrx_word' id='word_1_112' title='bbox 1268 1533 1460 1600; x_wconf 79' lang='lat' dir='ltr'>expedi-</span> 
     </span>
     <span class='ocr_line' id='line_1_22' title="bbox 170 1598 1460 1667; baseline -0.001 -18"><span class='ocrx_word' id='word_1_113' title='bbox 170 1602 351 1650; x_wconf 82' lang='lat' dir='ltr'>tionem</span> <span class='ocrx_word' id='word_1_114' title='bbox 387 1603 436 1649; x_wconf 90' lang='lat' dir='ltr'>in</span> <span class='ocrx_word' id='word_1_115' title='bbox 463 1603 617 1650; x_wconf 86' lang='lat' dir='ltr'>multis</span> <span class='ocrx_word' id='word_1_116' title='bbox 647 1600 771 1667; x_wconf 86' lang='lat' dir='ltr'>apud</span> <span class='ocrx_word' id='word_1_117' title='bbox 797 1618 882 1647; x_wconf 88' lang='lat' dir='ltr'>nos</span> <span class='ocrx_word' id='word_1_118' title='bbox 907 1600 1143 1648; x_wconf 77' lang='lat' dir='ltr'>invaluisse</span> <span class='ocrx_word' id='word_1_119' title='bbox 1169 1598 1460 1658; x_wconf 84' lang='lat' dir='ltr'>Francorum</span> 
     </span>
    </p>
   </div>
   <div class='ocr_carea' id='block_1_9' title="bbox 166 1664 1456 2129">
    <p class='ocr_par' dir='ltr' id='par_1_10' title="bbox 166 1664 1456 2129">
     <span class='ocr_line' id='line_1_23' title="bbox 172 1664 1456 1733; baseline 0 -19"><span class='ocrx_word' id='word_1_120' title='bbox 172 1667 316 1732; x_wconf 80' lang='lat' dir='ltr'>legeS.</span> <span class='ocrx_word' id='word_1_121' title='bbox 339 1666 404 1714; x_wconf 82' lang='lat' dir='ltr'>At</span> <span class='ocrx_word' id='word_1_122' title='bbox 422 1685 577 1716; x_wconf 84' lang='lat' dir='ltr'>manet</span> <span class='ocrx_word' id='word_1_123' title='bbox 604 1666 780 1733; x_wconf 83' lang='lat' dir='ltr'>semper</span> <span class='ocrx_word' id='word_1_124' title='bbox 798 1665 984 1715; x_wconf 86' lang='lat' dir='ltr'>Gallica</span> <span class='ocrx_word' id='word_1_125' title='bbox 999 1683 1161 1714; x_wconf 88' lang='lat' dir='ltr'>natura</span> <span class='ocrx_word' id='word_1_126' title='bbox 1180 1704 1192 1726; x_wconf 90' lang='lat'>‚</span> <span class='ocrx_word' id='word_1_127' title='bbox 1218 1664 1456 1714; x_wconf 89' lang='lat' dir='ltr'>Gallicum</span> 
     </span>
     <span class='ocr_line' id='line_1_24' title="bbox 167 1731 1455 1799; baseline -0.003 -17"><span class='ocrx_word' id='word_1_128' title='bbox 167 1732 441 1799; x_wconf 78' lang='lat' dir='ltr'>ingenium,</span> <span class='ocrx_word' id='word_1_129' title='bbox 479 1732 651 1782; x_wconf 88' lang='lat' dir='ltr'>Gallici</span> <span class='ocrx_word' id='word_1_130' title='bbox 685 1750 870 1792; x_wconf 83' lang='lat' dir='ltr'>mores3</span> <span class='ocrx_word' id='word_1_131' title='bbox 906 1732 1047 1798; x_wconf 90' lang='lat' dir='ltr'>idque</span> <span class='ocrx_word' id='word_1_132' title='bbox 1082 1734 1145 1780; x_wconf 88' lang='lat' dir='ltr'>ita</span> <span class='ocrx_word' id='word_1_133' title='bbox 1178 1731 1312 1779; x_wconf 75' lang='lat' dir='ltr'>nobis</span> <span class='ocrx_word' id='word_1_134' title='bbox 1344 1732 1455 1779; x_wconf 83' lang='lat' dir='ltr'>infi-</span> 
     </span>
     <span class='ocr_line' id='line_1_25' title="bbox 171 1796 1454 1865; baseline 0 -19"><span class='ocrx_word' id='word_1_135' title='bbox 171 1813 300 1857; x_wconf 86' lang='lat' dir='ltr'>tum,</span> <span class='ocrx_word' id='word_1_136' title='bbox 333 1815 381 1846; x_wconf 89' lang='lat' dir='ltr'>ut</span> <span class='ocrx_word' id='word_1_137' title='bbox 402 1836 415 1858; x_wconf 89' lang='lat'>,</span> <span class='ocrx_word' id='word_1_138' title='bbox 445 1816 546 1865; x_wconf 84' lang='lat' dir='ltr'>quae</span> <span class='ocrx_word' id='word_1_139' title='bbox 580 1798 656 1847; x_wconf 60' lang='lat' dir='ltr'>sua</span> <span class='ocrx_word' id='word_1_140' title='bbox 691 1815 817 1847; x_wconf 85' lang='lat' dir='ltr'>aetate</span> <span class='ocrx_word' id='word_1_141' title='bbox 846 1798 901 1845; x_wconf 92' lang='lat' dir='ltr'>de</span> <span class='ocrx_word' id='word_1_142' title='bbox 932 1797 1080 1846; x_wconf 85' lang='lat' dir='ltr'>Gallis</span> <span class='ocrx_word' id='word_1_143' title='bbox 1115 1796 1284 1862; x_wconf 87' lang='lat' dir='ltr'>scripfit</span> <span class='ocrx_word' id='word_1_144' title='bbox 1305 1796 1454 1850; x_wconf 82' lang='lat' dir='ltr'>Julius</span> 
     </span>
     <span class='ocr_line' id='line_1_26' title="bbox 170 1862 1453 1930; baseline -0.002 -18"><span class='ocrx_word' id='word_1_145' title='bbox 170 1862 324 1912; x_wconf 84' lang='lat' dir='ltr'>Caesar</span> <span class='ocrx_word' id='word_1_146' title='bbox 346 1901 359 1923; x_wconf 87' lang='lat'>‚</span> <span class='ocrx_word' id='word_1_147' title='bbox 396 1866 519 1929; x_wconf 85' lang='lat' dir='ltr'>apud</span> <span class='ocrx_word' id='word_1_148' title='bbox 543 1883 629 1913; x_wconf 87' lang='lat' dir='ltr'>nos</span> <span class='ocrx_word' id='word_1_149' title='bbox 652 1865 801 1913; x_wconf 88' lang='lat' dir='ltr'>adhuc</span> <span class='ocrx_word' id='word_1_150' title='bbox 827 1866 1043 1930; x_wconf 83' lang='lat' dir='ltr'>vigeant,</span> <span class='ocrx_word' id='word_1_151' title='bbox 1077 1869 1121 1910; x_wconf 88' lang='lat'>&amp;</span> <span class='ocrx_word' id='word_1_152' title='bbox 1144 1864 1247 1928; x_wconf 92' lang='lat' dir='ltr'>post</span> <span class='ocrx_word' id='word_1_153' title='bbox 1268 1879 1334 1911; x_wconf 88' lang='lat' dir='ltr'>tot</span> <span class='ocrx_word' id='word_1_154' title='bbox 1350 1879 1453 1921; x_wconf 78' lang='lat' dir='ltr'>tan-</span> 
     </span>
     <span class='ocr_line' id='line_1_27' title="bbox 168 1924 1449 1996; baseline 0 -18"><span class='ocrx_word' id='word_1_155' title='bbox 168 1927 323 1995; x_wconf 82' lang='lat' dir='ltr'>tasque</span> <span class='ocrx_word' id='word_1_156' title='bbox 372 1928 637 1979; x_wconf 71' lang='lat' dir='ltr'>saeculorum</span> <span class='ocrx_word' id='word_1_157' title='bbox 671 1968 685 1990; x_wconf 90' lang='lat'>‚</span> <span class='ocrx_word' id='word_1_158' title='bbox 738 1930 966 1977; x_wconf 88' lang='lat' dir='ltr'>bellorum</span> <span class='ocrx_word' id='word_1_159' title='bbox 991 1969 1003 1989; x_wconf 87' lang='lat'>‚</span> <span class='ocrx_word' id='word_1_160' title='bbox 1052 1924 1449 1996; x_wconf 52' lang='lat' dir='ltr'>imperiorumq‘ue</span> 
     </span>
     <span class='ocr_line' id='line_1_28' title="bbox 166 1993 1442 2060; baseline 0.002 -19"><span class='ocrx_word' id='word_1_161' title='bbox 166 1993 484 2043; x_wconf 86' lang='lat' dir='ltr'>converfiones</span> <span class='ocrx_word' id='word_1_162' title='bbox 533 2012 717 2044; x_wconf 86' lang='lat' dir='ltr'>maneat</span> <span class='ocrx_word' id='word_1_163' title='bbox 762 1995 941 2060; x_wconf 81' lang='lat' dir='ltr'>semper</span> <span class='ocrx_word' id='word_1_164' title='bbox 990 1994 1177 2044; x_wconf 89' lang='lat' dir='ltr'>Gallica</span> <span class='ocrx_word' id='word_1_165' title='bbox 1228 1995 1442 2057; x_wconf 87' lang='lat' dir='ltr'>indoles,</span> 
     </span>
     <span class='ocr_line' id='line_1_29' title="bbox 168 2058 1220 2129; baseline 0 -20"><span class='ocrx_word' id='word_1_166' title='bbox 168 2076 276 2109; x_wconf 86' lang='lat' dir='ltr'>cum</span> <span class='ocrx_word' id='word_1_167' title='bbox 310 2058 496 2109; x_wconf 84' lang='lat' dir='ltr'>Gallico</span> <span class='ocrx_word' id='word_1_168' title='bbox 529 2061 751 2129; x_wconf 84' lang='lat' dir='ltr'>sanguine</span> <span class='ocrx_word' id='word_1_169' title='bbox 783 2059 962 2126; x_wconf 88' lang='lat' dir='ltr'>semper</span> <span class='ocrx_word' id='word_1_170' title='bbox 995 2059 1220 2110; x_wconf 87' lang='lat' dir='ltr'>mansura.</span> 
     </span>
    </p>
   </div>
   <div class='ocr_carea' id='block_1_10' title="bbox 347 2195 1262 2273">
    <p class='ocr_par' dir='ltr' id='par_1_11' title="bbox 347 2195 1262 2273">
     <span class='ocr_line' id='line_1_30' title="bbox 347 2195 1262 2273; baseline -0.001 -21"><span class='ocrx_word' id='word_1_171' title='bbox 347 2199 414 2252; x_wconf 81' lang='lat' dir='ltr'>In</span> <span class='ocrx_word' id='word_1_172' title='bbox 455 2215 656 2254; x_wconf 77' lang='lat' dir='ltr'>veteres</span> <span class='ocrx_word' id='word_1_173' title='bbox 707 2195 988 2250; x_wconf 80' lang='lat' dir='ltr'>Gallorum</span> <span class='ocrx_word' id='word_1_174' title='bbox 1033 2196 1262 2273; x_wconf 77' lang='lat' dir='ltr'>glorias,</span> 
     </span>
    </p>
   </div>
   <div class='ocr_carea' id='block_1_11' title="bbox 163 2327 1443 2595">
    <p class='ocr_par' dir='ltr' id='par_1_12' title="bbox 163 2327 1443 2595">
     <span class='ocr_line' id='line_1_31' title="bbox 232 2327 1443 2390; baseline 0.002 -13"><span class='ocrx_word' id='word_1_175' title='bbox 232 2329 491 2378; x_wconf 67' lang='lat' dir='ltr'>Arstiffima</span> <span class='ocrx_word' id='word_1_176' title='bbox 521 2344 615 2377; x_wconf 86' lang='lat' dir='ltr'>erat</span> <span class='ocrx_word' id='word_1_177' title='bbox 635 2346 759 2376; x_wconf 84' lang='lat' dir='ltr'>anno</span> <span class='ocrx_word' id='word_1_178' title='bbox 782 2327 926 2376; x_wconf 85' lang='lat' dir='ltr'>Urbis</span> <span class='ocrx_word' id='word_1_179' title='bbox 952 2327 1144 2377; x_wconf 85' lang='lat' dir='ltr'>conditae</span> <span class='ocrx_word' id='word_1_180' title='bbox 1164 2343 1263 2376; x_wconf 73' lang='lat' dir='ltr'>cxi,</span> <span class='ocrx_word' id='word_1_181' title='bbox 1285 2366 1299 2390; x_wconf 84' lang='lat'>‚</span> <span class='ocrx_word' id='word_1_182' title='bbox 1335 2344 1443 2379; x_wconf 86' lang='lat' dir='ltr'>ante</span> 
     </span>
     <span class='ocr_line' id='line_1_32' title="bbox 169 2393 1439 2461; baseline 0 -18"><span class='ocrx_word' id='word_1_183' title='bbox 169 2393 401 2443; x_wconf 86' lang='lat' dir='ltr'>Christum</span> <span class='ocrx_word' id='word_1_184' title='bbox 424 2403 475 2442; x_wconf 84' lang='lat'>61</span> <span class='ocrx_word' id='word_1_185' title='bbox 488 2414 516 2452; x_wconf 91' lang='lat'>4</span> <span class='ocrx_word' id='word_1_186' title='bbox 535 2432 546 2453; x_wconf 90' lang='lat'>‚</span> <span class='ocrx_word' id='word_1_187' title='bbox 568 2394 644 2442; x_wconf 87' lang='lat' dir='ltr'>sub</span> <span class='ocrx_word' id='word_1_188' title='bbox 665 2394 925 2461; x_wconf 86' lang='lat' dir='ltr'>Tarquinio</span> <span class='ocrx_word' id='word_1_189' title='bbox 943 2394 1093 2444; x_wconf 89' lang='lat' dir='ltr'>Prisco</span> <span class='ocrx_word' id='word_1_190' title='bbox 1114 2395 1327 2443; x_wconf 84' lang='lat' dir='ltr'>Romana</span> <span class='ocrx_word' id='word_1_191' title='bbox 1346 2414 1439 2456; x_wconf 84' lang='lat' dir='ltr'>res,</span> 
     </span>
     <span class='ocr_line' id='line_1_33' title="bbox 171 2459 1438 2527; baseline 0.002 -20"><span class='ocrx_word' id='word_1_192' title='bbox 171 2459 278 2507; x_wconf 64' lang='lat' dir='ltr'>crim</span> <span class='ocrx_word' id='word_1_193' title='bbox 292 2460 651 2508; x_wconf 86' lang='lat' dir='ltr'>florentiffimum</span> <span class='ocrx_word' id='word_1_194' title='bbox 667 2461 761 2522; x_wconf 82' lang='lat' dir='ltr'>jam</span> <span class='ocrx_word' id='word_1_195' title='bbox 772 2461 953 2527; x_wconf 83' lang='lat' dir='ltr'>vigebat</span> <span class='ocrx_word' id='word_1_196' title='bbox 964 2460 1210 2510; x_wconf 88' lang='lat' dir='ltr'>Gallorum</span> <span class='ocrx_word' id='word_1_197' title='bbox 1224 2478 1438 2526; x_wconf 87' lang='lat' dir='ltr'>regnum.</span> 
     </span>
     <span class='ocr_line' id='line_1_34' title="bbox 163 2524 1436 2595; baseline 0.002 -19"><span class='ocrx_word' id='word_1_198' title='bbox 163 2526 358 2576; x_wconf 82' lang='lat' dir='ltr'>Summa</span> <span class='ocrx_word' id='word_1_199' title='bbox 371 2528 551 2595; x_wconf 84' lang='lat' dir='ltr'>imperii</span> <span class='ocrx_word' id='word_1_200' title='bbox 573 2542 668 2576; x_wconf 84' lang='lat' dir='ltr'>tum</span> <span class='ocrx_word' id='word_1_201' title='bbox 690 2524 774 2575; x_wconf 81' lang='lat' dir='ltr'>fuit</span> <span class='ocrx_word' id='word_1_202' title='bbox 790 2544 932 2594; x_wconf 88' lang='lat' dir='ltr'>penes</span> <span class='ocrx_word' id='word_1_203' title='bbox 947 2529 1172 2594; x_wconf 83' lang='lat' dir='ltr'>Bituriges</span> <span class='ocrx_word' id='word_1_204' title='bbox 1188 2565 1201 2585; x_wconf 86' lang='lat'>,</span> <span class='ocrx_word' id='word_1_205' title='bbox 1219 2526 1259 2575; x_wconf 87' lang='lat' dir='ltr'>Ze</span> <span class='ocrx_word' id='word_1_206' title='bbox 1275 2528 1436 2593; x_wconf 53' lang='lat' dir='ltr'>Berty.</span> 
     </span>
    </p>
   </div>
   <div class='ocr_carea' id='block_1_12' title="bbox 1111 2592 1242 2658">
    <p class='ocr_par' dir='ltr' id='par_1_13' title="bbox 1111 2592 1242 2658">
     <span class='ocr_line' id='line_1_35' title="bbox 1111 2592 1242 2658; baseline 0.015 -19"><span class='ocrx_word' id='word_1_207' title='bbox 1111 2592 1242 2658; x_wconf 81' lang='lat' dir='ltr'>in</span> 
     </span>
    </p>
   </div>
  </div>
 </body>
</html>
