1703 3083
43 164 71 240 L

413 120 875 194 PRAEFA
919 127 1044 201 TI
1076 138 1159 204 O.
1298 173 1443 218 xxv

164 232 272 300 est.
331 229 532 301 Illum
563 260 901 329 parentem
935 241 1115 312 suum
1152 256 1441 344 appella-

158 322 270 391 bat
293 375 317 410 ,
369 332 438 395 ὅ(
469 327 546 396 ab
589 354 672 398 eo
719 336 1044 426 originem
1083 339 1327 414 ducere
1377 353 1440 420 se

152 417 555 509 gloriabatur
585 423 689 493 M.
726 426 1042 500 Claudius
1081 434 1358 509 Tacitus
1391 453 1438 531 ¹,

155 514 268 602 qui
284 517 721 610 principatum
744 520 1033 594 obtinuit
1050 553 1222 598 anno
1242 534 1438 625 Urbis

153 607 436 677 conditae
458 632 742 683 MXXVIII
762 616 855 703 ,J
860 619 966 687 esu
990 621 1231 693 Christi
1254 655 1384 720 275
1417 661 1431 701 :

151 702 252 768 vir
273 705 537 797 egregie
551 731 862 800 moratus,
885 739 1022 784 non
1043 718 1432 815 ambitione,

148 819 286 862 non
322 800 593 871 crimine
617 855 641 891 ,
683 804 793 873 sed
830 809 1134 902 fingulari
1172 815 1431 890 senatus

150 895 220 956 &
247 896 652 964 exercituum
673 901 984 971 consensu
1007 908 1285 1002 imperio
1313 915 1430 983 ad-

140 1005 413 1054 motus:
463 988 639 1060 illius
689 1019 938 1089 capax,
987 1006 1054 1069 &
1100 1006 1266 1074 intra
1314 1010 1427 1080 sex

143 1078 401 1172 imperii
447 1084 542 1153 sui
586 1092 837 1160 menses
879 1094 1057 1163 tanta
1104 1101 1425 1176 virtutum

141 1169 533 1248 claritudine
575 1233 599 1269 9
685 1205 760 1252 ut
841 1184 1422 1270 laudatiffimorum

139 1263 519 1363 Principum
567 1274 846 1366 gloriam
896 1287 1194 1375 aequasset
1220 1342 1242 1377 ,
1296 1297 1366 1360 ni
1394 1316 1429 1383 ‚⁷¹

139 1364 522 1452 urgentibus
551 1369 789 1440 Romae
820 1374 964 1445 fatis
984 1430 1006 1465 ,
1038 1383 1176 1451 cito
1205 1386 1419 1458 fuiffet
1484 1439 1487 1443 -

138 1457 500 1530 exstinctus.
570 1463 868 1537 Cornelii
910 1472 1133 1544 Taciti
1173 1480 1417 1574 imagi-

137 1571 293 1618 nem
313 1553 382 1622 in
409 1556 712 1629 omnibus
743 1560 1164 1640 bibliothecis
1192 1574 1417 1645 collo-

136 1646 314 1733 cari,
364 1648 626 1742 ejusque
658 1653 860 1726 libros
883 1707 909 1748 ,
953 1685 1036 1729 ne
1087 1662 1414 1742 lectorum

137 1739 387 1811 incuria
430 1744 800 1837 deperirent
825 1802 846 1836 ,
899 1778 1017 1846 per
1048 1781 1254 1830 annos
1285 1768 1412 1834 sin-

133 1830 328 1924 gulos
390 1836 607 1908 decies
662 1842 927 1935 publica
988 1851 1283 1946 impensa
1338 1863 1410 1931 in

131 1928 359 1997 civicis
395 1936 669 2003 archivis
710 1937 1028 2032 describi,
1083 1954 1154 2017 ὅ(
1194 1953 1265 2019 in
1302 1952 1413 2023 bi«

130 2017 482 2095 bliothecis
509 2033 668 2122 poni
694 2028 866 2118 juffit
889 2043 945 2104 ²:
986 2039 1129 2108 orbi
1151 2093 1173 2130 ,
1201 2043 1409 2120 literis

21 2170 26 2176 .
129 2118 203 2182 &
247 2140 500 2209 parenti
545 2127 794 2218 optime
846 2132 1255 2211 consulturus
1284 2195 1308 2232 ,
1359 2148 1408 2216 fi

126 2207 258 2314 ipse
280 2261 304 2298 ,
343 2216 674 2288 aut‘frater
698 2218 833 2309 ejus
862 2224 1206 2305 Florianus
1229 2289 1253 2325 ‚
1288 2238 1405 2308 diu

27 2324 29 2326 ·
127 2309 556 2398 imperassent.
595 2315 964 2390 Recentior
985 2323 1196 2398 adhuc
1214 2382 1239 2420 ‚
1274 2358 1404 2408 nec

193 2455 210 2481 ¹
238 2455 467 2523 Vopiscus
483 2465 533 2513 in
545 2463 727 2533 Tacit0,
862 2478 884 2502 ²
912 2470 1260 2540 Vopistusibid.
1274 2483 1399 2534 Vide

127 2534 228 2586 cap.
252 2541 325 2572 10.
752 2466 770 2603 Ι
796 2540 840 2583 &
856 2533 1140 2595 Testimonia
1158 2547 1395 2600 Veterum·

266 2587 330 2657 T
317 2613 437 2667 01η,
472 2597 531 2671 L
1148 2614 1187 2682 b
