1655 3088
225 145 703 189 ANNAL1UM
764 126 931 185 L1B.
976 126 1079 187 IV.
1177 130 1294 201 287

105 228 322 289 LVIII.
343 231 682 284 PROFEc-no
705 228 854 282 atsto
869 227 1140 284 comitatu
1158 224 1295 285 fuit:
1320 241 1526 276 τετε-π’

26 335 167 373 unus
189 311 407 370 senator
430 307 716 367 consulatu
742 305 961 365 funCtus
981 354 998 378 ‚
1022 311 1295 368 Cocceius
1321 313 1370 351 A.
1392 313 1441 349 U·
1461 310 1512 349 C.

28 398 214 455 Nerva
239 442 255 466 ‚
291 393 380 451 cui
403 391 593 475 legum
616 391 852 474 peritia3
894 413 1061 471 eques
1091 392 1300 449 Roma-
1374 398 1484 437 779·

29 501 131 538 nus
167 525 183 548 ‚
239 496 431 559 praeter
486 478 748 557 Sejanum
785 522 802 546 ,
857 497 923 533 ex
983 473 1300 533 inlustribus
1362 467 1404 505 J·
1436 465 1487 504 C‘

29 562 258 620 Curtius
286 559 505 618 Atticus
530 585 542 617 ι
575 559 744 617 ceteri
769 556 1089 616 liberalibus
1114 557 1302 616 studiis

31 643 278 727 praediti,
313 640 491 702 ferme
518 643 695 701 Graeci
715 690 730 714 ‚
756 663 997 722 quorum
1029 639 1305 700 sermoni-

30 728 131 785 bus
157 726 448 786 levaretur.
495 725 764 784 Petebant
787 725 951 806 periti
975 723 1267 783 caelestium
1285 773 1301 797 ‚

38 810 153 867 ociis
202 809 449 868 motibus
499 808 740 867 siderum
793 806 1059 866 exceffiffe
1114 807 1302 867 Roma

29 892 375 952 „Tiberium
403 939 419 964 ,
458 912 520 950 ut
557 892 766 951 reditus
803 890 887 948 1111
930 912 1225 973 negaretur
1240 917 1300 950 »ε

30 976 180 1036 unde
210 976 364 1035 exitii
399 974 555 1034 causa
591 974 782 1034 multis
817 972 924 1032 fuit
945 1023 962 1046 ,
998 998 1301 1057 properum

30 1059 205 1118 finem
238 1060 362 1118 vit-se
395 1059 833 1140 conjectantibus
867 1106 883 1130 ,
919 1058 1302 1141 vulgantibus-

29 1165 139 1224 que
159 1165 372 1223 :neque
393 1144 547 1202 enim
569 1165 684 1201 tam
701 1141 1096 1201 incredibilem
1115 1141 1302 1202 casum

31 1225 431 1308 providebant,
454 1247 515 1285 ut
530 1226 797 1285 undecim
820 1248 916 1308 per
932 1249 1106 1285 annos
1123 1226 1302 1286 libens

30 1308 205 1392 patria
219 1331 444 1369 careret.
459 1311 604 1369 Mox
618 1310 795 1392 patuit
810 1307 978 1369 br'eve
991 1311 1302 1370 confinium

31 1393 159 1452 artis
182 1440 199 1464 ,
241 1402 300 1453 &
344 1390 463 1452 falfi
489 1417 507 1471 3
551 1416 790 1473 veraque
839 1393 1011 1474 quam
1058 1392 1302 1454 obscuris

33 1497 353 1559 tegerentur
376 1502 388 1535 :
415 1500 547 1535 nam
567 1477 626 1534 in
646 1477 868 1536 Urbem
893 1500 1010 1535 non
1033 1477 1304 1560 regressu-

3 1561 156 1619 srum
171 1607 186 1632 ,
207 1559 357 1618 haud
371 1558 513 1618 forte
534 1559 776 1619 dictum:
802 1581 1116 1620 ceterorum
1135 1561 1305 1622 nescii

5 1715 7 1723 Ι
33 1643 195 1726 egere
221 1691 238 1716 ‚
269 1642 400 1701 cum
427 1644 742 1725 propinquo
772 1666 895 1702 rure
920 1690 936 1715 ,
974 1666 1067 1702 aut
1101 1644 1264 1705 litore
1285 1694 1304 1718 ‚

5 1753 8 1791 1
34 1736 92 1788 δε
111 1724 246 1808 saepe
271 1730 479 1785 moenia
492 1727 664 1785 Urbis
683 1726 935 1786 adsidens
956 1776 971 1800 ,
997 1749 1306 1787 extremam

7 1848 9 1887 }
33 1809 313 1881 senectam
346 1810 731 1893 compleverit.

112 1895 266 1953 LIX.
310 1894 398 1952 Ac
439 1916 631 1952 FORTE
671 1894 779 1951 illis
818 1893 1013 1952 diebus
1048 1892 1307 1954 oblatum

35 1975 235 2035 Caesari
264 2000 462 2060 anceps
491 1977 801 2060 periculum
824 2026 839 2050 ,
871 1978 1021 2036 auxit
1048 2001 1188 2036 vana
1214 2001 1307 2038 ru-

9 2095 12 2119 «,
37 2061 208 2119 moris
235 2085 247 2117 z
297 2062 639 2143 praebuitque
687 2060 785 2146 ipsi
830 2062 1126 2142 materiem
1149 2110 1166 2134 ‚
1210 2084 1309 2121 cur

9 2150 13 2219 j
34 2144 293 2202 amicitiae
315 2145 738 2226 constantiaeque
762 2145 943 2226 Sejani
968 2145 1143 2226 magis
1165 2145 1308 2205 fide-

11 2223 14 2285 ἱ
39 2248 140 2287 tet.
177 2225 561 2288 Vescebantur
581 2229 639 2286 in
663 2227 823 2300 villa,
858 2228 946 2287 cui
968 2228 1308 2287 vocabulum

39 2314 305 2389 Speluncae
330 2359 346 2384 ,
389 2336 542 2372 mare
570 2311 954 2372 Amuclanum
990 2312 1136 2371 inter
1169 2315 1310 2371 Fun-

41 2393 325 2475 danosque
353 2393 574 2455 montes
598 2445 614 2468 ,
650 2397 837 2455 nativo
868 2397 926 2453 in
950 2394 1111 2478 specu
1137 2420 1149 2453 :
1193 2404 1310 2476 ejus

8 2490 18 2571 33³
39 2500 103 2536 os
126 2526 141 2550 ‚
182 2478 335 2561 lapsis
366 2482 591 2562 repente
616 2479 748 2538 saxis
774 2528 790 2552 ‚
827 2480 1012 2538 obruit
1037 2477 1308 2561 quosdam

11 2576 17 2629 ξ
47 2562 321 2623 ministros
345 2587 358 2621 ε
387 2564 518 2624 hinc
548 2585 730 2625 metus
752 2565 812 2624 in
833 2586 1030 2625 omnes
1054 2612 1074 2638 ,
1106 2561 1315 2644 &fuga
