1676 3105
278 138 396 213 384
462 132 554 192 IN
591 128 927 195 L113RUM
971 154 1376 206 QUARTUM

336 229 602 280 Thraciam.
638 231 688 279 N
692 248 780 280 unc
803 231 849 280 la
872 231 1110 283 Romanie.
1141 233 1392 282 Thraciam
1418 232 1542 282 obtiA

270 296 441 344 nebant
458 296 794 346 Rhoemetalces
807 337 819 357 ,
836 296 950 346 filius
969 298 1334 365 Rhescuporidis,
1349 306 1392 347 &
1410 300 1538 349 liberi

271 362 438 430 Cotyis
464 401 478 423 ,
508 379 555 411 ut
581 363 754 411 dif’cum
783 365 844 410 est
875 362 1007 430 supra
1033 365 1207 413 Annal.
1230 366 1274 412 II
1295 404 1307 425 ‚
1343 373 1420 423 67.

337 429 395 476 In
419 429 691 478 Pannonici.
713 428 856 477 Nunc
876 429 921 476 la
947 429 1061 496 baſje
1080 431 1285 497 Hongrie
1313 428 1361 479 ὓ·
1384 429 1541 492 partie

267 491 324 543 de
350 493 624 542 Z'Aurriche.

333 559 390 607 In
425 558 607 624 Moestci.
645 557 788 606 Nunc
818 557 862 605 Ia
888 557 1050 607 Servie
1079 558 1128 609 Ετ·
1161 559 1207 607 la
1232 559 1472 626 Bulgarie.

330 623 648 673 Dalmariam.
682 624 839 672 Hodie
863 642 1050 692 quoque
1073 626 1117 674 Za
1143 624 1405 676 Dalmarie.

331 691 378 739 Α
415 704 540 757 tergo
574 688 683 739 illiS.
725 690 772 737 A
813 707 942 756 tergo
982 693 1070 740 illis
1110 691 1403 758 legionibus,
1433 708 1535 759 quae

262 772 395 805 erant
420 758 470 803 in
499 756 742 808 Pannonia
770 762 813 802 &
838 755 1016 805 Moefia.
1174 790 1177 792 -

331 821 447 871 Tres
487 821 686 871 lstbanae
710 861 724 883 ‚
765 839 921 869 novem
964 824 1212 884 praeroriae.
1259 822 1386 889 Erpo
1430 837 1537 871 tunc

262 890 528 938 imminutus
552 887 849 934 Urbanarum
873 894 917 933 &
939 893 1250 952 praetoriarum
1276 865 1536 937 cohortium

263 971 495 1002 numerus.
535 952 662 1000 Nam
694 953 791 1000 Dio
822 952 932 1011 LV,
958 956 1067 1021 pag.
1093 963 1178 1014 565
1203 994 1216 1015 ,
1242 958 1302 1002 ait
1321 954 1397 1002 sub
1429 954 1535 1001 Au-

263 1020 397 1086 gusto
441 1017 569 1066 fuiffe
608 1019 767 1066 decem
805 1019 948 1065 millia
988 1024 1366 1085 praetorianorum
1399 1021 1447 1066 in
1484 1017 1538 1067 X

264 1084 476 1134 cohortes
503 1083 664 1131 divisos
690 1123 701 1142 ,
734 1091 778 1131 δε
811 1083 885 1131 sex
915 1086 1059 1134 millia
1089 1087 1390 1134 Urbanorum
1418 1122 1430 1143 ‚
1460 1082 1536 1132 seu

261 1151 408 1200 Urbis
436 1150 839 1216 praesidiariorum,
865 1152 913 1197 in
939 1150 1010 1203 IV
1036 1152 1243 1200 cohortes
1265 1150 1535 1199 distributos.

258 1217 453 1283 Septem
482 1216 691 1265 cohortes
717 1216 930 1282 Vigilum
956 1216 1118 1267 merito
1152 1217 1299 1265 omisit
1328 1216 1535 1264 Tacitus.

259 1283 486 1333 Militibus
507 1285 631 1330 enim
650 1282 841 1330 minime
861 1284 1193 1333 annumerandi
1211 1284 1421 1331 homines
1441 1283 1534 1343 illi,

257 1349 594 1416 restinguendis
628 1349 850 1398 incendiis
884 1349 1164 1420 agendisque
1196 1349 1433 1400 no&urnis
1458 1350 1535 1399 vi«.

259 1418 382 1483 giliis
410 1416 650 1463 constituti.

328 1480 542 1529 Etruria.
578 1480 722 1529 Nunc
753 1481 799 1528 Za
821 1480 1042 1544 Toscane.

326 1546 617 1610 Umbriaque.
645 1547 788 1595 Nunc
816 1546 1056 1597 Z'Omhrie.

332 1612 499 1664 Vetere
535 1611 662 1660 latio.
709 1612 854 1663 Vetus
887 1613 1074 1661 Latium
1104 1611 1315 1661 Tiberim
1346 1615 1461 1663 inter
1487 1614 1540 1669 δέ

253 1679 456 1730 'Antium
480 1716 493 1738 ‚
523 1695 647 1726 nunc
674 1677 801 1740 Capo
828 1678 1025 1745 d’Arzzo.

330 1744 603 1809 Antiquitas
629 1743 868 1793 Romanis.
892 1745 1022 1793 Dum
1044 1746 1157 1793 olim
1179 1747 1324 1812 viguit
1346 1762 1413 1793 res
1434 1744 1535 1793 R0⁴

258 1829 402 1862 mana
421 1850 432 1871 ,
462 1829 559 1858 non
585 1809 727 1860 modo
748 1811 954 1860 Urbanae
977 1818 1021 1860 &
1048 1814 1267 1876 praetorjae
1289 1811 1499 1859 cohortes
1517 1847 1531 1872 2

259 1877 336 1927 sed
371 1879 579 1944 legiones
610 1895 771 1926 omnes
802 1878 971 1925 civibus
998 1878 1225 1925 Romanis
1249 1877 1538 1925 constabant..

257 1943 373 2007 Qua
404 1945 508 2009 lege
545 1941 660 1990 nihil
691 1942 776 1991 fuit
808 1942 863 1990 ad
898 1944 1095 2008 gloriam
1132 1941 1407 2008 splendidius
1428 1981 1440 2000 ,
1472 1940 1532 1989 ad

257 2008 518 2074 praefidium
557 2010 706 2055 tutius.
764 2007 818 2055 Id
861 2005 1021 2055 sensim
1059 2024 1281 2056 mutatum
1305 2046 1318 2068 ,
1359 2009 1532 2073 aliique

260 2076 425 2123 milites
447 2071 615 2122 adsciti.
651 2073 777 2121 Dein
811 2074 907 2134 jure
940 2074 1128 2120 civitatis
1161 2074 1363 2138 pluribus
1394 2073 1532 2134 dato,

259 2157 315 2188 ac
345 2140 525 2189 tandem
553 2139 608 2187 ab
626 2138 869 2187 Antonino
898 2138 1139 2188 Caracalla
1166 2156 1269 2187 cum
1292 2139 1532 2200 omnibus,

258 2209 340 2275 qui
373 2205 449 2254 sub
479 2206 695 2253 Romano
724 2207 920 2270 imperio
956 2221 1085 2253 erant
1105 2244 1117 2264 ,
1159 2209 1531 2265 communicato,

254 2274 394 2340 periit
427 2269 664 2337 disciplina
690 2273 893 2320 militaris
912 2309 925 2333 ,
939 2277 983 2319 &
1002 2288 1071 2319 res
1088 2271 1300 2320 Romana
1325 2270 1533 2337 pessum-

235 2339 379 2388 data.

329 2402 466 2465 Apud
496 2401 659 2451 idonea
691 2401 1046 2463 provinciarum.
1083 2402 1147 2451 At
1180 2400 1299 2467 apud
1333 2404 1527 2467 provin-

260 2471 355 2520 cias
379 2508 391 2529 ,
428 2487 528 2536 quae
552 2467 821 2516 seditionum
848 2477 891 2517 &
922 2469 1117 2517 hostium
1139 2469 1349 2534 periculis
1373 2468 1530 2524 obiec-

259 2536 473 2591 tabantur
492 2573 508 2602 ‚
543 2552 672 2586 erant
688 2534 916 2587 sociorum
937 2538 1137 2588 triremes
1153 2573 1168 2600 ,
1200 2536 1280 2584 alae
1298 2539 1341 2580 ὅ(
1364 2534 1533 2582 auxilia

1255 2598 1533 2663 cohortium3
