1703 3083
35 176 43 202 N

356 94 827 168 PRAEFA
873 94 1112 164 TIO.
1239 119 1438 170 xxxv

164 211 304 283 tum
351 207 503 275 ΜΠ.
556 204 865 274 codicum
897 206 1384 280 'Vaticanorum
1417 198 1470 303 ,ι

161 303 528 375 Farnesiani
551 352 572 388 ,
607 300 1027 368 Covarruviae
1049 352 1070 388 ,
1103 303 1441 396 Sambuci‚

162 418 594 488 veterumque
621 395 988 464 editionum
1017 395 1399 468 adhibuisset
1415 427 1445 486 ,·

160 493 273 562 sed
352 490 554 560 libros
628 492 921 583 integros
997 489 1370 561 contulisset
1396 503 1443 563 ¹.

165 589 451 680 Ingenio
504 584 898 676 eruditiique
956 590 1444 657 commentariis

165 704 529 772 utcumque
566 678 634 747 id
674 677 997 773 supplevit
1024 731 1046 770 ,
1101 688 1169 751 ὅζ
1198 681 1448 751 editio-

166 801 318 846 nem
375 776 606 844 ceteris
667 773 970 844 omnibus
1012 828 1034 863 ,
1102 802 1243 868 quae
1293 777 1448 844 ante

165 870 540 965 prodierant
598 872 1100 962 praestantiorem
1128 922 1150 958 ,
1209 870 1447 964 magnii

167 991 318 1034 cum
368 966 648 1034 nominis
687 964 781 1031 sui
823 963 1030 1058 gloria
1068 966 1447 1059 Antuerpiae

165 1059 529 1155 publicavit
580 1084 751 1127 anno
802 1081 1150 1130 MDLXXIV.
1219 1062 1449 1152 Quam

167 1157 387 1250 postea
438 1155 518 1223 ad
571 1179 812 1222 annum
857 1155 1057 1246 usque
1091 1178 1250 1224 Μῦς
1284 1156 1445 1249 saepe

170 1251 537 1318 retraeiavit
561 1299 584 1334 ,
614 1248 990 1319 emendavit
1014 1304 1034 1339 ,
1063 1250 1449 1320 meliorem-

171 1368 301 1437 que
334 1343 512 1412 fecit.
559 1344 640 1412 In
673 1347 804 1412 hoc
832 1343 1054 1437 gloriae
1082 1346 1201 1413 suae
1231 1347 1448 1414 moni-

169 1460 397 1508 mento
422 1439 626 1508 rursus
653 1438 1031 1511 adornando
1058 1443 1450 1509 immortuus

173 1536 263 1604 est
318 1559 491 1604 anno
545 1557 778 1605 MDev1
811 1586 834 1624 ,
888 1540 1085 1607 aetatis
1139 1538 1259 1607 suae
1309 1556 1450 1604 mx.

255 1713 269 1737 ¹
308 1711 544 1775 Majorem
594 1711 779 1762 laudem
846 1709 1027 1776 periifi‘e
1072 1709 1242 1758 ibidem
1293 1710 1456 1758 decla-

173 1777 325 1827 adhuc
356 1794 664 1843 reportaturus
693 1817 706 1837 ‚
748 1778 780 1826 fi
845 1791 929 1824 rat.
967 1775 1154 1829 Jaecura
1186 1774 1312 1825 tanto
1341 1794 1455 1843 gra-

172 1845 314 1893 libros
339 1843 575 1905 edidisset,
616 1846 780 1912 quibus
847 1845 947 1892 vior
1023 1843 1137 1890 mihi
1202 1843 1380 1891 videtur
1441 1882 1455 1904 ‚

171 1927 472 1961 contexuerat
550 1911 779 1961 Caianam
849 1908 976 1975 quod
1042 1909 1139 1958 haec
1191 1909 1454 1959 adolescens

174 1980 411 2028 historiam
432 1985 476 2026 δε
499 1980 628 2027 initia
647 1978 784 2028 Clau-
849 1976 1097 2042 scripserat,
1155 1994 1209 2025 ac
1258 1976 1457 2042 proinde

177 2045 239 2094 dii
261 2045 548 2094 Corneliano
568 2047 784 2112 exemplo
852 2042 959 2092 etim
987 2047 1028 2091 ei
1059 2045 1217 2091 'molle
1265 2049 1311 2090 &
1359 2043 1462 2090 ele·-

180 2113 402 2179 stiloque‚
427 2127 474 2160 ut
491 2109 586 2176 ipse
605 2112 785 2161 testatur
855 2126 969 2176 gans
1002 2108 1151 2158 adhuc
1187 2126 1281 2159 erat
1317 2109 1459 2174 inge*

177 2181 228 2228 in
254 2181 374 2228 notis
410 2177 468 2226 ad
490 2178 665 2227 Annal.
682 2178 756 2226 XI
775 2217 787 2240 ‚
855 2178 1000 2224 nium.
1025 2175 1188 2225 Postea
1204 2215 1218 2238 ‚
1245 2176 1464 2242 fingulari

187 2263 234 2296 1.
268 2244 333 2295 At
359 2247 408 2294 in
437 2242 789 2311 migrationibus
856 2242 1045 2292 humani
1068 2244 1246 2310 ingenii
1269 2240 1461 2292 incons-

184 2310 273 2360 suis
303 2349 318 2372 ,
380 2328 491 2378 quas
530 2310 789 2380 frequentes
858 2308 996 2359 tantia
1016 2347 1029 2370 ,
1062 2312 1110 2358 in
1134 2309 1326 2359 deterius
1358 2326 1464 2356 mu-

184 2377 336 2426 fecere
375 2377 631 2428 turbulenta
675 2395 792 2427 tern—
859 2390 974 2425 tatus
994 2414 1007 2437 ‚
1050 2376 1211 2425 durum
1239 2383 1285 2424 δε
1319 2376 1465 2423 horri-

186 2460 337 2509 pora‚
379 2445 586 2494 laborem
636 2445 792 2506 hunc,
859 2443 969 2490 dum
1034 2439 1257 2492 scribendi
1316 2457 1461 2510 genus

189 2510 349 2561 fraude
414 2529 475 2562 an
541 2510 659 2576 casu,
715 2512 794 2565 fibi
863 2508 1122 2561 adstetavit.

1118 2575 1275 2669 bvj
