1682 3110
341 176 496 245 lxxiv
613 176 1456 240 TrsTxMonxA-

341 280 509 334 Julius
532 276 710 328 Ferox
737 311 753 335 ‚
788 268 870 321 vir
895 268 1059 316 rectus
1091 263 1149 314 &
1179 260 1374 313 sanftus
1399 297 1414 319 ‚
1452 257 1624 311 Mario

329 346 561 415 'quidem
615 341 814 406 judices
862 329 1078 383 interim
1131 325 1330 380 censuit
1383 323 1583 374 dandos
1607 339 1625 386 ;

339 409 651 467 'evocandos
684 418 895 459 tamen,
945 395 1132 462 quibus
1166 393 1426 444 diceretur
1466 388 1626 439 inno-

340 479 578 533 centium
609 488 785 540 poenas
825 461 1136 517 vendidiffe.
1192 459 1320 523 Quae
1365 453 1626 508 sententia

339 563 457 599 non
473 536 744 610 praevaluit
762 533 928 585 modo
946 570 961 592 ,
981 528 1067 579 sed
1086 528 1311 579 omnino
1332 522 1442 588 post
1460 533 1628 572 tantas

344 608 680 665 dissensiones
706 601 809 653 fuit
834 598 944 650 sola
967 595 1212 661 frequens
1239 609 1252 642 :
1287 591 1639 641 adnotatum-*⁷
1667 636 1671 645 ,

340 697 445 745 que
471 667 846 741 experimentis
865 704 880 728 ‚
912 661 1058 729 quod
1081 658 1235 712 favor
1255 658 1312 710 &
1332 652 1629 711 misericor-

340 745 427 796 dia
470 758 614 797 acres
660 739 717 790 &
765 731 1106 785 vehementes
1154 723 1351 790 primos
1401 721 1628 785 impetus

336 811 535 864 habent
552 847 568 870 ‚
597 800 869 872 paullatim
892 792 1116 848 confilio
1139 793 1196 845 ὃς
1216 789 1423 841 ratione
1441 826 1456 849 ‚
1487 785 1627 853 quafi

335 876 575 930 restin&a
596 913 612 935 ‚
644 867 941 922 confidunt.
982 860 1133 912 Unde
1158 855 1340 910 evenit
1359 894 1373 916 ,
1399 869 1458 904 ut
1479 851 1628 918 quod

337 942 497 999 multi
526 935 758 992 clamore
784 929 1028 999 permisto
1062 936 1308 985 tuentur,
1344 937 1505 972 nemo
1543 930 1628 970 ta-

340 1009 582 1063 centibus
605 1001 791 1057 ceteris
815 998 989 1049 dicere
1013 993 1146 1044 velit
1167 1008 1179 1041 t
1215 987 1429 1056 patescit
1452 984 1622 1048 enim,

339 1081 464 1130 dum
489 1069 732 1139 separaris
753 1085 784 1118 a
805 1061 957 1118 turba
975 1102 990 1126 ‚
1013 1054 1398 1120 contemplatio
1422 1068 1592 1104 rerum
1608 1088 1627 1112 ,

342 1161 458 1211 quae
497 1138 652 1192 turba
692 1144 957 1201 teguntur.
1014 1131 1288 1180 Venerunt
1328 1119 1421 1182 qui
1461 1118 1630 1170 adeffe

342 1221 492 1261 erant
510 1205 622 1272 juffi
641 1243 657 1268 ‚
688 1197 937 1257 Vitetlius
955 1195 1260 1246 Honoratus
1283 1226 1299 1250 ,
1335 1188 1394 1242 ὃς
1418 1183 1630 1239 Flavius

343 1274 632 1328 Martianus
655 1310 670 1333 ‚
714 1285 780 1319 ex
814 1263 1003 1331 quibus
1033 1260 1340 1310 Honoratus
1376 1249 1630 1310 trecentis

340 1341 580 1394 millibus
608 1341 621 1363 ¹
652 1332 890 1388 exsilium
912 1324 1103 1394 equitis
1124 1320 1381 1379 Romani,
1406 1319 1632 1384 septem-

342 1425 448 1475 que
470 1405 763 1459 amicorum
795 1399 902 1462 ejus
933 1392 1177 1446 ultimam
1208 1401 1454 1454 poenam;
1498 1385 1631 1434 Mar-

345 1478 520 1527 tianus
568 1470 721 1523 unius
776 1461 967 1531 equitis
1008 1454 1236 1512 Romani
1289 1449 1631 1518 septingentis

341 1540 580 1592 millibus
599 1544 616 1564 2
637 1535 784 1603 plura
807 1525 1060 1596 supplicia
1084 1521 1395 1587 arguebatur
1418 1516 1591 1568 emisse
1607 1534 1624 1566 z
1657 1522 1660 1536 '

345 1620 455 1659 erat
486 1605 629 1658 enim
656 1599 870 1653 fustibus
903 1593 1053 1646 caesus
1075 1630 1090 1653 ‚
1131 1590 1406 1639 damnatus
1434 1588 1492 1632 in
1520 1599 1635 1637 me-s

345 1674 533 1726 talium.
551 1706 566 1729 ,
597 1665 934 1731 strangulatus
964 1661 1018 1710 in
1041 1671 1263 1708 carcere.
1307 1651 1409 1703 Sed
1431 1650 1632 1702 Hono-

345 1754 517 1792 ratum
559 1729 861 1803 cognitioni
904 1723 1107 1778 senatus
1147 1737 1287 1773 mors
1332 1729 1632 1784 opportuna
1673 1724 1676 1728 ’

342 1804 633 1860 subtraxit:
674 1797 955 1851 Martianus
993 1791 1232 1849 indufims
1272 1784 1339 1838 est
1365 1823 1382 1847 >
1419 1782 1633 1834 absente

344 1873 540 1926 Prisco.
591 1871 775 1932 Itaque
806 1858 1036 1912 Tuccius
1079 1852 1312 1907 Cerealis
1345 1848 1633 1902 consularis

348 1940 457 1990 ‘ure
486 1932 750 1993 senatorio
784 1922 1067 1995 postulavit
1090 1960 1105 1979 ‚
1140 1932 1198 1970 ut
1220 1917 1413 1968 Priscus
1438 1915 1633 1967 certior

345 2005 496 2058 fieret
528 2021 540 2053 z
579 2001 684 2051 five
709 1996 832 2064 quia
856 1985 1292 2043 miserabiliorem
1318 2022 1334 2045 ‚
1373 1981 1479 2032 five
1509 1980 1634 2047 quia

346 2067 754 2122 invidiosiorem
783 2062 900 2112 sore
935 2054 1282 2109 arbitrabatur
1305 2088 1319 2110 ‚
1354 2047 1389 2097 fi
1417 2048 1632 2113 praesens

345 2137 558 2190 fuiffet:
601 2132 705 2183 sive
747 2125 935 2194 <quod
980 2119 1211 2178 ,maxime
1262 2115 1468 2177 credo)
1509 2112 1632 2180 quia

344 2203 685 2270 aequissimum
717 2208 825 2248 erat
855 2203 1140 2244 commune
1171 2182 1368 2234 crimen
1396 2181 1460 2230 ab
1486 2194 1630 2231 utro-

346 2288 450 2336 que
483 2264 739 2325 defendi,
775 2262 834 2313 &
865 2257 902 2308 fi
935 2253 1065 2306 dilui
1102 2267 1214 2302 non
1250 2245 1534 2312 potuisset,
1573 2245 1631 2298 in

344 2336 576 2402 utroque
609 2327 800 2399 puniri.
842 2323 1019 2376 Dilata
1050 2335 1126 2369 res
1155 2314 1301 2366 estin
1322 2311 1630 2378 proximum

346 2402 612 2461 senatum,
642 2397 784 2460 cujus
809 2391 915 2457 ipse
941 2385 1242 2450 conspectus
1263 2377 1628 2445 augustissimus

347 2467 467 2523 fuit.
485 2466 726 2530 Princeps
742 2456 1040 2529 praefidebat
1058 2452 1075 2518 (
1093 2462 1201 2502 erat
1221 2446 1363 2500 enim
1383 2444 1566 2497 consul
1580 2444 1628 2512 >3

416 2640 428 2661 ¹
465 2627 630 2670 Gallicae
648 2635 820 2668 monetae
837 2616 950 2663 libris
1071 2618 1090 2640 ²
1127 2605 1291 2647 Gallicae
1311 2600 1630 2652 monetaelibris

356 2695 516 2740 5823522
976 2627 991 2722 1
1026 2671 1212 2716 ¹3⁶›171·
