1682 3110
204 136 329 229 xvj
468 131 938 207 PRAEFA
981 136 1223 209 TI&

200 250 491 341 cipatum
510 275 583 318 ac
606 248 992 319 libertatem.
1015 247 1477 320 &blicam-fe«-

203 340 521 412 licitatem
538 347 604 410 in
620 344 754 412 dies
773 343 1051 437 augebat
1069 342 1427 434 Trajanus1
1448 370 1481 426 ς.

201 437 550 529 additaque
599 441 1013 507 victoriarum
1065 437 1273 533 gloria
1309 492 1328 526 ³
1380 441 1477 507 ita

201 535 456 628 imperii
497 535 659 603 fines
703 532 1115 628 proferebat,
1164 557 1240 602 ut
1279 558 1471 600 num-

196 654 394 720 quam
418 627 605 696 latius
627 631 700 696 fit
723 631 1181 722 imperitatum.
1208 627 1473 697 Uberri-

199 748 373 790 mam
396 727 562 791 hanc
584 732 651 792 &
666 724 1114 793 securiffimam
1135 725 1480 792 materiam

201 819 513 887 senectuti
554 818 674 887 suae
716 819 1077 913 seposuerat
1119 820 1394 887 Tacitus
1422 825 1473 890 ²..

199 912 487 1005 Egregia
542 912 807 982 confilia
867 940 1040 982 mors
1101 916 1473 1009 importuna

201 1005 477 1102 abrupit.
511 1010 653 1103 Ipse
670 1061 691 1096 ,
719 1008 876 1076 dum
899 1008 1218 1098 Trajanus
1244 1009 1477 1076 Orien-

199 1123 337 1171 tem
369 1106 558 1172 novis
583 1107 868 1173 victoriis
896 1102 1198 1172 lustrabat
1217 1157 1239 1192 ,
1281 1102 1478 1187 (nus-5

201 1223 397 1289 quarn
435 1203 611 1266 enim
636 1198 955 1267 Hadriani
993 1222 1289 1293 tempora
1330 1221 1473 1266 me·-

196 1298 452 1379 morat)
501 1294 770 1362 vivendi
811 1296 1013 1362 finem
1056 1295 1214 1378 fecit
1243 1347 1264 1382 ,
1311 1318 1471 1386 prae-

197 1411 482 1482 propero
507 1388 643 1470 fato
672 1389 1020 1483 oppressus,
1075 1391 1169 1457 At
1194 1392 1262 1456 in
1285 1386 1471 1456 brevi

195 1482 592 1558 mortalitate
631 1483 950 1577 longioris
996 1487 1144 1553 vitae
1193 1481 1470 1553 celebri-

194 1599 400 1646 tatem
447 1577 874 1672 impleverat:
929 1580 1090 1648 civis
1136 1582 1420 1673 optimus
1445 1627 1473 1666 5

192 1670 396 1742 literis
432 1680 499 1741 ὃς
531 1671 838 1766 sapientia
882 1676 1080 1743 aetatis
1123 1674 1243 1742 suae
1286 1676 1470 1768 prin-

196 1791 351 1861 ceps
377 1794 395 1848 3
433 1768 731 1836 eamdem
753 1769 990 1835 famam
1011 1820 1032 1855 ,
1070 1794 1293 1863 parem
1321 1794 1475 1837 auc-

193 1865 528 1932 toritatem
554 1861 725 1956 apud
748 1863 1035 1955 posteros
1062 1886 1196 1931 tam
1222 1863 1333 1931 diu
1359 1887 1467 1932 re—

193 1979 491 2026 tenturus
519 2011 540 2044 ,
593 1955 788 2049 quam
817 1957 928 2024 diu
961 1960 1030 2025 in
1057 1959 1300 2052 scriptis
1331 1983 1468 2028 non

196 2052 402 2121 otiosa
431 2050 784 2122 verborum
814 2051 1150 2145 prolixitas
1169 2106 1190 2139 ,
1218 2053 1327 2122 sed
1356 2078 1471 2122 va-

193 2145 326 2216 lida
349 2172 560 2216 rerum
577 2149 1168 2239 sententiarumque
1185 2146 1468 2218 brevitas

192 2240 524 2336 placebit3
575 2241 770 2334 quam
816 2241 929 2310 diu
972 2246 1041 2311 in
1083 2267 1153 2311 re
1195 2241 1466 2336 politica

260 2430 277 2454 ¹
316 2420 469 2470 Tacit.
503 2421 601 2471 Vit.
640 2421 795 2487 Agric.
933 2423 953 2446 2
990 2420 1140 2469 Tacit.
1177 2419 1296 2472 Hist.
1330 2422 1384 2484 I,
1427 2441 1478 2472 12.

195 2502 299 2552 cap.
323 2505 364 2551 3.
400 2487 524 2536 suam
559 2488 644 2536 hac
672 2489 727 2539 de
749 2506 798 2537 re
868 2484 1125 2553 supremum
1162 2487 1275 2535 illud
1314 2489 1468 2541 confia-

195 2570 398 2605 mentem
413 2555 628 2621 explicat.
867 2554 980 2605 lium
1008 2569 1252 2605 memorat.
