1655 3088
260 164 730 209 ANNAMUM
776 143 1069 204 L11›‚.11..
1191 167 1304 223 137

0 253 10 318 ’,ι
39 249 341 313 netrabiliS.
387 247 525 307 Exin
546 264 781 304 ventum
806 241 1216 324 Elephantinen
1240 269 1300 303 ac

0 331 10 396 ε’
39 338 253 412 Syenen
282 380 297 404 ,
335 329 562 388 claustra
596 327 736 386 olim
760 326 1008 385 Romani
1035 325 1256 408 imperii
1280 351 1296 404 3

0 430 7 476 ἐ
37 416 191 501 quod
218 438 364 472 nunc
388 413 619 471 rubrum
642 411 713 469 ad
737 432 890 469 mare
919 407 1162 492 patescit.

38 605 134 666 per
193 582 503 665 provincias
559 578 872 662 transigitur
908 626 924 649 ‚
980 577 1132 635 haud
1177 576 1302 636 leve

38 666 203 725 decus
231 663 443 724 Drusus
473 663 715 745 quaesivit
734 710 751 734 ,
790 661 1043 719 inliciens
1069 664 1306 720 Germa-

36 772 138 809 nos
186 749 257 808 ad
303 747 600 806 discordias
638 795 655 819 ,
701 767 872 826 utque
898 793 915 816 ,
966 742 1143 802 fracto
1189 752 1306 824 jam

37 831 400 893 Maroboduo
424 879 440 904 ‚
484 829 654 911 usque
682 829 743 887 in
770 830 1002 888 exitium
1037 827 1306 887 insistere-

36 936 141 976 tur.
189 917 316 974 Erat
349 916 493 973 inter
528 914 822 975 Gothones
856 911 1061 971 nobilis
1090 912 1306 994 juvenis

35 1000 269 1060 nomine
295 998 573 1058 Catualda
596 1048 612 1071 ‚
650 995 916 1081 profugus
942 996 1081 1055 olim
1106 998 1160 1056 vi
1185 998 1306 1055 Ma-

35 1083 278 1142 robodui
317 1132 332 1155 ,
380 1091 437 1142 &
481 1104 611 1141 tunc
641 1130 656 1154 ,
709 1081 892 1140 dubiis
941 1080 1102 1140 rebus
1149 1087 1303 1160 (ἠως,

35 1167 315 1226 ultionem
371 1164 541 1225 ausus,
620 1168 673 1224 Is
719 1164 904 1224 valida
951 1188 1122 1223 manu
1168 1165 1305 1225 fines

35 1253 584 1312 Marcomannorum
618 1249 929 1331 ingreditur
953 1298 969 1322 ‚
1011 1245 1308 1332 corruptis-

36 1358 147 1418 que
170 1334 507 1417 primoribus
535 1332 606 1391 ad
629 1332 953 1393 societatem
976 1380 992 1404 ,
1034 1333 1307 1415 inrumpit

35 1419 288 1501 regiam,
332 1415 725 1498 castellumque
766 1416 915 1497 juxta
961 1415 1164 1475 sirum:
1210 1439 1306 1476 ve-

36 1522 179 1562 teres
212 1501 327 1559 illic
357 1504 665 1561 Suevorum
690 1501 880 1584 praedae
902 1549 917 1572 ‚
958 1507 1016 1559 ὃς
1050 1500 1244 1559 nostris
1274 1523 1304 1561 e

35 1586 334 1671 provinciis
362 1585 478 1643 lixae
503 1634 519 1658 ,
563 1609 625 1644 ac
655 1586 1031 1667 negotiatores
1062 1584 1307 1666 reperti,

36 1693 175 1752 quos
198 1677 280 1751 jus
304 1669 665 1741 commercii,
690 1668 822 1727 dein
843 1667 1047 1750 cupido
1064 1668 1308 1750 augendi

36 1754 335 1838 pecuniam
365 1802 382 1826 ,
430 1751 770 1836 postremum
818 1752 1030 1810 oblivio
1072 1753 1257 1832 patriae
1291 1800 1308 1825 ‚

36 1837 143 1896 suis
194 1860 480 1918 quemque
530 1836 600 1894 ab
658 1834 879 1895 sedibus
932 1835 1192 1895 hostilem
1246 1836 1308 1896 in

34 1943 231 2004 agrum
259 1918 549 1978 transtulit.

115 2006 329 2065 LXIII.
364 2005 778 2061 MARossomJo
806 2001 1058 2084 undique
1085 2001 1307 2062 deserto

35 2111 152 2150 non
175 2086 329 2146 aliu-d
350 2085 656 2145 subsidium
679 2133 695 2158 ‚
731 2087 905 2167 quam
928 2085 1308 2146 misericordia

36 2169 262 2232 Caesaris
309 2168 417 2229 fuit
453 2195 471 2228 τ
520 2166 871 2251 transgressus
917 2170 1251 2229 Danubium
1287 2219 1305 2243 ,

34 2256 145 2337 ‚qua
161 2255 430 2314 Noricam
447 2255 796 2336 prov-inciam
813 2254 1045 2337 praefluit
1062 2301 1077 2325 ‚
1099 2252 1308 2337 scripsit

37 2338 275 2404 Tiberio
294 2386 323 2411 ‚,
348 2361 465 2397 non
506 2360 567 2397 ut
607 2336 874 2421 profugus
914 2358 1008 2396 aut
1044 2336 1306 2420 supplex,

37 2421 132 2484 sed
163 2447 228 2483 ex
254 2421 529 2481 memoria
568 2422 763 2503 prioris
799 2420 1051 2481 fortunae.
1103 2449 1136 2473 cc
1158 2424 1311 2482 Nam

37 2506 272 2566 :omultis
297 2505 615 2564 nationibus
637 2504 993 2565 clarissimum
1017 2505 1308 2586 quondam

32 2610 274 2678 &regem
324 2589 396 2653 ad
446 2588 501 2650 se
551 2588 929 2664 vocantibus,
980 2591 1312 2668 Romanam

1326 320 1375 359 A.
1396 323 1447 359 U.
1468 319 1524 361 C-

1366 399 1478 441 772·

117 501 299 558 LXII.
322 498 478 555 DUM
505 519 569 556 ea
587 497 726 554 aestas
750 493 1093 553 Germanico
1117 492 1299 576 plures
1366 467 1403 574 ζ’
1434 465 1484 504 C‘

1410 542 1462 583 92
