1655 3088
265 181 725 224 ANN'AmuM
769 162 1019 221 L113.I.
1196 172 1271 241 67

55 275 287 327 oterant.
327 261 551 320 Caecina
574 258 713 317 dum
747 256 1005 318 sustentat
1046 261 1224 321 aciem
1255 313 1271 336 ,
1297 278 1499 309 ===

0 377 9 411 2
37 343 232 421 'uffoffo
252 367 397 426 equo
425 341 673 425 delapsus
700 342 1272 418 circumveniebatur,
1299 336 1347 373 A.
1370 336 1417 374 U·
1438 335 1490 374 C.

0 436 9 446 ’“
62 431 72 442 ”
125 429 306 512 prima
346 427 495 509 legio
539 424 649 485 sese
699 424 1030 508 opposuisset
1070 451 1082 484 ε
1136 429 1275 508 juvit
1346 403 1455 452 768.

59 514 256 572 ostium
278 511 507 570 aviditas
532 558 548 582 ‚
587 508 788 568 omiss&
809 510 953 570 caede
978 559 994 582 ‚
1032 510 1276 592 praedam
1360 502 1435 579 is.

44 595 378 673 estantium3
403 593 671 675 enisaeque
695 593 943 676 legiones
963 642 977 666 ‚
1012 592 1283 676 vesperas-

53 700 179 739 ente
206 678 297 738 die
322 725 338 751 ‚
382 678 441 735 in
473 698 661 760 aperta
689 685 745 737 δε
767 675 943 736 solida
973 703 984 735 :
1026 701 1209 759 neque
1236 679 1282 737 is

85 761 368 822 iseriarum
394 760 517 819 finis
540 785 551 817 ε
575 760 896 820 struendum
918 759 1128 820 vallum
1151 809 1166 833 ‚
1191 785 1286 844 pe—

47 845 220 905 endus
258 866 466 926 agger:
518 841 710 901 amiffa
747 843 952 928 magna
986 868 1049 904 ex
1090 867 1243 926 parte
1269 893 1286 918 ‚

61 950 118 988 er
157 950 276 1008 quae
314 927 557 1010 egeritur
595 927 798 986 humus
828 976 844 1000 ,
886 947 979 987 aut
1016 928 1289 988 exciditur

55 1008 202 1093 espes
227 1037 240 1070 t
275 1033 392 1069 non
415 1011 658 1069 tentoria
683 1011 981 1094 manipulis
1005 1058 1022 1083 ,
1060 1034 1175 1070 non
1199 1010 1290 1071 fo·-

85 1114 214 1154 enta
251 1091 442 1152 sauciis
469 1118 482 1151 z
527 1091 765 1153 infectos
794 1118 955 1153 coeno
980 1115 1074 1153 aut
1096 1117 1291 1155 cruore

55 1177 177 1236 ibos
196 1175 512 1236 dividentes
529 1225 544 1248 ‚
564 1174 797 1237 funestas
817 1178 1071 1237 tenebras
1087 1226 1104 1249 ,
1128 1188 1187 1239 δε
1207 1200 1293 1238 tot

66 1260 324 1319 ominum
359 1259 609 1319 millibus
644 1284 820 1321 unum
853 1269 969 1344 jam
1009 1261 1293 1344 reliquum

66 1345 181 1403 iem
207 1343 686 1403 lamentabantur.

111 1429 324 1488 LXVI.
353 1429 553 1485 FORTE
587 1448 760 1508 equus
793 1426 1039 1510 abruptis
1060 1424 1303 1486 vinculis.

63 1533 193 1593 agus
213 1559 230 1583 ,
261 1518 320 1570 &
337 1509 582 1570 clamore
611 1510 832 1570 territus
850 1558 866 1583 ,
900 1508 1171 1591 quosdam
1199 1533 1297 1567 oc·-

60 1594 369 1652 urrentium
394 1593 716 1652 obturbavit
745 1617 757 1650 :
799 1614 952 1651 tanta
975 1594 1109 1653 inde
1137 1591 1303 1651 cons-

53 1676 268 1735 ernatio
289 1674 549 1758 inrupisse
573 1679 888 1735 Germanos
913 1676 1265 1735 credentium
1280 1722 1298 1747 ,

70 1779 93 1820 t
115 1760 299 1819 cuncti
322 1780 548 1819 ruerent
567 1759 639 1818 ad
662 1779 846 1842 portas
866 1782 884 1836 3
920 1781 1157 1839 quarum
1180 1759 1302 1818 De-

57 1867 267 1904 cumana
290 1843 532 1901 maxime
554 1841 846 1924 petebatur
863 1889 881 1914 ‚
914 1840 1100 1901 aversa
1122 1842 1299 1914 hosti,

113 1924 457 2008 fugientibus
480 1926 668 1984 tutior.
707 1924 934 1983 Caecina
953 1972 970 1998 ,
1005 1945 1299 2008 comperto

58 2032 240 2069 anam·
260 2006 366 2068 effe
391 2006 762 2068 formidinem
782 2056 798 2080 ‚
835 2007 965 2067 cum
993 2029 1186 2087 tamen
1211 2031 1305 2068 ne-

76 2114 141 2151 ue
161 2092 484 2151 auctoritate
499 2140 513 2164 ‚
534 2115 715 2172 neque
734 2088 987 2175 precibus
1003 2140 1019 2166 ,
1036 2115 1107 2151 ne
1128 2115 1305 2151 manu

75 2175 269 2235 uidem
296 2174 548 2234 obsistere
574 2224 590 2248 ‚
637 2197 730 2234 aut
774 2175 1012 2235 retinere
1054 2174 1301 2234 militem

78 2260 218 2318 uiret
241 2283 257 2337 3
293 2264 567 2342 projectus
592 2261 651 2318 in
676 2258 874 2318 limine
898 2280 1066 2342 portae
1086 2307 1102 2331 ‚
1134 2257 1304 2318 mise-

66 2343 251 2416 atione
289 2343 522 2402 demum
546 2391 562 2415 ‚
597 2344 726 2425 quia
764 2365 860 2426 per
899 2366 1092 2426 corpus
1132 2341 1303 2425 legati

40 2426 290 2486 eundum
313 2448 428 2486 erat
448 2475 464 2499 ,
489 2427 677 2486 clausit
698 2427 848 2487 viam
874 2451 885 2484 :
910 2425 1072 2485 simul
1089 2425 1303 2484 tribuni

39 2517 100 2570 δε
143 2510 493 2572 centuriones
541 2509 741 2571 falsum
785 2533 1050 2595 pavorem
1094 2509 1304 2570 docue‘

73 2613 187 2655 unt.
