1655 3088
380 155 851 198 ANNALIUM
901 134 1181 196 N'orAE.
1305 158 1427 212 307

185 239 278 287 uies
316 254 508 287 centena
542 235 687 283 millia
726 252 1038 283 nummorum.
1092 234 1239 298 Quod
1274 250 1423 303 aequat

146 252 346 354 gallicae
365 319 562 351 monetae
580 301 715 349 libras
738 306 1013 364 8,463,059.

210 371 356 417 Porta
389 365 667 429 triumphali.
714 367 853 415 Porta
883 383 1011 429 erat,
1045 365 1135 433 qua
1176 364 1425 414 ducebatur

147 435 488 501 triumphorum
517 451 710 501 pompa.
752 433 880 481 Tum
913 432 996 481 fuit
1023 435 1074 480 in
1109 433 1250 479 veteri
1280 430 1425 478 Urbis

144 519 279 551 muro
300 541 313 563 ‚
330 505 447 550 inter
464 500 754 564 Capitolium
773 506 817 547 &
839 498 1064 547 Tiberim.
1089 496 1240 546 Aueca
1262 497 1430 560 postea,

142 568 482 616 abAureliano
507 566 640 614 Urbe
658 606 670 627 ‚
698 565 780 614 fuit
792 565 933 632 paulo
955 565 1089 630 supra
1109 564 1282 611 molem
1301 600 1313 622 ‚
1347 559 1428 609 seu.

147 635 372 682 tumulum
402 633 628 692 Adriani,
664 650 790 680 nunc
818 631 857 679 le
883 631 1090 679 Chateau
1102 628 1428 695 saint-Ange«

209 699 396 766 Remzfit
418 699 590 763 Caesar.
625 697 828 746 Permisit
856 696 1086 745 Tiberius.

211 829 438 879 CApJX.
463 829 509 880 V
510 829 586 878 itae
592 830 847 894 supremus.
871 827 1083 877 Mortuus
1107 827 1170 875 est
1185 825 1430 903 Augustus·

145 895 219 944 die
245 914 298 952 19
322 896 483 944 mensis
504 896 716 962 Augusti.
743 893 923 942 Eodem
945 912 1058 962 ergo
1082 894 1154 942 die
1173 894 1428 960 imperium-

145 977 422 1026 acceperat3
469 960 583 1009 forte
628 978 752 1009 anno
792 960 935 1008 Urbis
987 960 1181 1008 conditae
1222 974 1427 1017 1)ch12

141 1045 237 1094 quo
256 1065 266 1086 ‚
298 1025 411 1075 caefis
429 1026 585 1074 Hirtio
605 1033 648 1074 &
668 1026 815 1074 Pansa
835 1023 1090 1074 consulibus
1111 1064 1123 1085 ,
1146 1041 1423 1094 extortoque

140 1091 380 1142 consulatu
399 1131 412 1154 ,
450 1110 577 1141 arma
606 1095 654 1141 in
681 1091 944 1140 Antonium
971 1093 1162 1157 accepit.

207 1159 444 1208 Numerus
456 1159 595 1207 etiam
608 1157 931 1223 consulatuum.
949 1158 1182 1225 Augustus
1202 1156 1421 1206 tredecim

141 1223 399 1273 consulatus
446 1227 585 1274 iniit:
631 1223 705 1273 sex
752 1241 904 1274 autern
942 1225 1156 1276 Valerius
1197 1221 1378 1272 Corvus
1402 1262 1422 1284 ,

138 1289 312 1356 septem
331 1291 503 1340 Marius
530 1290 767 1358 gesserant.
809 1289 1005 1340 Corvum
1025 1307 1176 1340 autem
1208 1287 1418 1355 reposui,

136 1356 268 1423 quod
322 1359 385 1405 ita
422 1356 511 1405 Ms.
548 1356 673 1405 Flor.
710 1363 755 1404 &
791 1356 912 1405 Fasti
952 1357 1225 1424 Capitolini.
1260 1355 1417 1405 Plinio

141 1422 330 1490 aliisque
366 1421 596 1473 Corvinus
622 1422 797 1471 dicitur.

202 1488 431 1537 Amnibus
468 1489 745 1554 longinquis,
800 1486 1035 1552 Euphrate
1060 1528 1072 1550 ,
1109 1488 1331 1538 Danubio
1365 1488 1416 1539 δέ

135 1553 306 1605 Rheno
335 1553 511 1621 septum
536 1554 614 1604 sub
629 1554 841 1622 Augusto
860 1554 1127 1603 Romanum
1149 1558 1415 1622 imperium„

196 1686 324 1736 CAP.
337 1685 403 1735 X.
421 1684 669 1734 Lollianas
689 1682 1008 1750 Varianaftyue
1026 1684 1194 1735 clades,
1212 1686 1282 1734 M.
1299 1685 1413 1736 Loi-

131 1751 220 1803 lius
244 1761 289 1802 ὃ(
315 1753 599 1816 Quinffilius
630 1751 781 1802 Varus
803 1755 853 1801 in
876 1752 1131 1802 Germania
1153 1755 1261 1802 viffi
1286 1773 1296 1801 ε
1331 1755 1413 1804 ille

133 1838 260 1870 anno
304 1820 448 1869 Urbis
494 1818 688 1868 conditae
730 1835 1066 1870 DccxxxvnI
1098 1858 1114 1882 ‚
1164 1819 1241 1869 hic
1281 1838 1412 1870 anno

131 1902 368 1936 Dccrxn.
1327 1923 1330 1925 Α

201 1953 251 2003 V
250 1968 475 2012 arrone5‚
513 1949 778 2017 Egnati05‚
815 1951 967 2002 Julos.
1016 1950 1170 2002 Varro
1210 1951 1411 2005 Murena

133 2025 179 2067 &
202 2019 385 2067 Marcus
404 2018 625 2084 Egnatius
648 2019 873 2067 interfeffi
903 2019 964 2066 ob
991 2020 1331 2081 conjurationes
1356 2023 1408 2068 in

132 2085 392 2149 Augustum
418 2104 428 2131 τ
461 2083 489 2136 J
494 2084 590 2132 ulus
614 2084 847 2134 Antonius
871 2084 932 2132 ob
956 2084 1090 2137 Juliae
1115 2085 1408 2134 adulterium.

202 2150 267 2219 Q.
302 2149 432 2199 Tedii
472 2149 521 2198 ὓ*
558 2149 688 2200 Vedii
729 2150 966 2200 Pollionis.
1023 2150 1294 2199 Notiffimus
1340 2154 1408 2200 est

131 2218 262 2266 luxus
291 2217 517 2265 Pollionis
539 2255 551 2276 ‚
588 2220 668 2285 qui
696 2235 917 2267 muraenas
948 2216 1169 2284 sanguine
1194 2217 1404 2266 humano

132 2284 381 2350 saginabat.
451 2284 677 2332 Incertum
721 2301 873 2335 autem
918 2283 985 2350 Q.
1024 2282 1157 2334 Tedii
1190 2302 1403 2348 nomen3

129 2349 260 2419 quod
277 2347 489 2415 corrupte
508 2351 555 2396 in
580 2349 666 2399 Ms.
689 2348 815 2400 Flor.
850 2368 930 2417 que
962 2349 1090 2400 tedii.

199 2415 342 2465 Livia
359 2415 539 2481 gravis,
550 2417 641 2464 Sua
654 2418 903 2467 ambitione
915 2423 960 2465 &
972 2419 1215 2483 impotenti
1224 2416 1401 2467 Tiberii

132 2500 291 2534 amore
306 2482 438 2530 Livia
457 2485 604 2549 gravis
622 2486 669 2531 in
685 2485 1014 2552 rempublicam
1031 2501 1194 2533 mater:
1216 2486 1399 2551 gravior

131 2549 293 2602 domui
323 2546 551 2602 Caesarum
575 2569 774 2603 noverca
791 2591 806 2616 ,
839 2552 899 2602 ob
923 2551 1091 2604 Caium
1121 2569 1174 2602 ac
1198 2551 1405 2609 Lucinam
