1639 3100
270 147 391 202 274
464 125 537 185 C.
582 123 1025 187 CORNELII
1071 130 1378 189 TAc1rr

268 250 457 311 preces
491 275 507 300 ‚
552 226 966 310 probatumque
1005 232 1064 288 P.
1103 231 1306 290 Rutilii
1352 253 1547 301 exem=÷

49 306 241 348 A.U.C.
271 311 470 395 plum:
515 335 762 393 namque
822 336 953 372 eum
1010 312 1226 394 legibus
1278 313 1495 398 pulsum
1526 362 1548 388 ,

89 381 202 495 37}
272 398 454 457 civem
478 395 576 455 fibi
604 396 868 474 Smyrnaei
892 394 1261 456 addiderant:
1290 423 1403 480 quo
1425 407 1546 481 jure
1592 436 1593 440 =

109 482 206 567 2²²5·-
270 482 563 544 Vulcatius
581 478 852 539 Moschus
874 528 889 552 ,
910 478 1084 552 exsul,
1108 482 1166 539 in
1183 481 1548 541 Maffilienses

266 587 519 648 receptus
536 613 552 636 ,
593 564 744 622 bona
767 562 860 622 sua
882 564 1196 646 reipublicae
1220 589 1417 625 eorum
1439 614 1456 639 ,
1489 566 1550 625 ut

263 652 451 735 patria:
483 648 799 729 reliquerat.

357 734 573 794 XLIV.
598 735 832 791 OBIERE
871 755 938 791 eo
974 755 1123 790 anno
1155 732 1260 791 viri
1289 731 1552 805 nobiles;

265 820 382 879 Cn.
419 817 690 877 Lentulus
717 865 734 888 ‚
773 826 830 876 &
854 819 920 875 L.
951 817 1262 876 Domitius,
1301 816 1550 876 Lentulo

265 900 427 983 super
503 900 855 959 consulatum
917 909 974 960 &
1039 900 1401 983 triumphalia
1479 900 1555 960 de

269 984 502 1044 Gaetulis
545 1033 562 1058 ,
619 984 807 1068 gloriae
871 981 1053 1043 fuerat
1113 985 1257 1044 bene
1317 985 1554 1044 tolerata

268 1091 560 1153 paupertas
581 1117 597 1142 ,
640 1069 773 1128 dein
802 1092 1018 1151 magnae
1059 1092 1191 1152 opes
1220 1069 1554 1128 innocenter

269 1175 468 1237 paratae
516 1162 574 1212 δε
623 1153 871 1212 modeste
924 1151 1143 1213 habitae.
1218 1154 1555 1213 Domitium

271 1237 560 1297 decoravit
584 1259 739 1319 pater
756 1287 772 1311 ,
797 1236 947 1295 civili
972 1236 1124 1296 bello
1148 1239 1315 1296 maris
1335 1259 1557 1320 potens3

270 1322 456 1382 donec
502 1321 744 1381 Antonii
797 1320 1041 1403 partibus
1068 1370 1085 1394 ,
1139 1345 1272 1380 mox
1326 1321 1556 1381 Caesaris

271 1405 615 1466 misceretur.
667 1404 820 1465 Avus
848 1453 863 1477 ‚
906 1403 1212 1464 Pharsalica
1254 1406 1409 1478 acie,
1452 1428 1556 1488 pro

269 1489 639 1574 optimatibus
667 1488 944 1549 ceciderat
971 1513 983 1545 :
1026 1487 1138 1570 ipse
1182 1489 1386 1548 electus
1410 1537 1428 1562 ,
1465 1489 1556 1548 cui

271 1575 462 1634 minor
491 1573 746 1632 Antonia
767 1620 784 1645 ,
815 1570 1055 1631 Gotavia
1081 1574 1270 1654 genita
1291 1621 1308 1645 ,
1348 1574 1406 1631 in
1433 1596 1558 1632 ma·-

273 1658 611 1719 trimonium
633 1657 873 1716 daretur.
903 1657 1054 1728 Post,
1077 1659 1320 1716 exercitu
1341 1657 1558 1717 flumen

270 1742 473 1803 Albim
534 1740 876 1800 transcendit
905 1764 922 1819 3
983 1739 1205 1823 longius
1267 1740 1559 1824 penetrata

270 1824 583 1886 Germania
611 1874 627 1898 ,
683 1825 856 1907 quam
899 1823 1195 1905 quisquam
1251 1827 1502 1908 priorum
1542 1849 1556 1883 ε

272 1909 472 1991 easque
505 1908 579 1967 ob
610 1931 694 1968 res
733 1907 971 1990 insignia
1013 1908 1286 1991 triumphi
1324 1909 1558 1991 adeptus

272 1995 364 2054 est.
420 1992 588 2052 Obiit
623 2002 682 2053 &
720 1995 785 2051 L.
810 1990 1093 2050 Antonius
1119 2040 1136 2064 ‚
1176 1991 1356 2051 multa
1394 1992 1558 2052 clari-

273 2077 471 2138 tudine
522 2075 740 2159 generis
773 2124 788 2148 ‚
834 2073 931 2135 sed
978 2074 1365 2159 improspera:
1421 2100 1559 2136 nam

273 2168 565 2246 patreejus
592 2209 608 2233 ,
640 2161 669 2224 J
678 2158 770 2219 ulo
794 2157 1051 2218 Antonio
1075 2207 1092 2232 ,
1120 2160 1195 2219 ob
1215 2160 1557 2220 adulterium

273 2247 308 2310 J
313 2245 432 2304 uliae
453 2265 637 2304 morte
658 2243 856 2328 punito
873 2292 889 2316 ,
916 2244 1064 2302 hunc
1089 2243 1404 2304 admodum
1430 2243 1560 2303 ado-

275 2328 644 2390 lescentulum
670 2376 686 2401 ‚
731 2326 929 2386 sororis
967 2349 1275 2410 nepotem,
1317 2327 1370 2388 se
1414 2327 1563 2387 osuit·

275 2412 552 2496 Augustus
576 2413 634 2470 in
665 2412 952 2473 civitatem
979 2411 1380 2471 Maffiliensem
1406 2460 1422 2484 ,
1457 2412 1558 2471 ubi

276 2496 455 2580 specie
487 2496 794 2555 studiorum
817 2518 1030 2555 nomen
1057 2495 1227 2555 exsilii
1253 2516 1554 2579 tegeretur.

276 2581 514 2644 Habitus
546 2601 739 2642 tamen
770 2579 1039 2664 supremis
1071 2581 1254 2642 honor
1280 2604 1294 2640 a
1327 2577 1556 2661 offaque
