1655 3088
343 107 835 157 'ANNALtvM
880 94 1158 158 NoTAE.
1283 116 1398 175 309

99 202 145 245 ‘e
169 197 348 262 populo
369 199 553 244 comitia
579 194 634 242 ad
658 193 861 242 senatum
887 197 1107 243 transtulit
1123 235 1135 256 ,
1169 211 1219 244 ut
1242 199 1398 246 aufto-

47 262 50 267 ’
122 279 299 312 ritatem
323 267 372 310 in
396 260 438 309 se
475 259 649 308 facilius
678 266 722 306 &
753 259 844 307 sine
874 261 1045 307 invidia
1072 260 1277 310 traheret.

189 328 305 376 Sine
338 325 511 390 repulsa
552 325 601 373 ξπ
638 324 823 376 ambitu.
876 324 1022 373 Nulla
1061 341 1154 373 etat
1185 326 1396 391 repulsa,

122 394 274 443 nullus
293 392 485 441 ambitus
506 429 518 452 ‚
548 389 652 438 etim
674 409 699 438 a
721 390 934 455 Principe
954 391 1398 441 commendarentur.

192 457 465 525 Augustales
497 471 788 506 vocarentur.
835 457 889 503 In
929 473 1077 506 vetere
1115 458 1397 506 Kalendario

126 523 466 575 Herwartiano
488 562 499 582 ,
537 539 612 571 1v.
655 539 726 570 ID.
769 537 992 572 ocToBR.
1028 538 1365 572 AVGVSTALES
1387 562 1399 583 ,

126 606 396 639 chxnn.
442 589 495 636 Id
520 590 582 636 est
607 587 678 637 die
714 587 975 637 duodecima}
1013 588 1251 651 waimis,
1292 589 1400 637 Aw²

120 655 339 723 gustalesu
389 654 625 720 Circenses
650 653 744 703 ludi
766 694 781 716 ‚
818 654 969 719 ,mzffits
996 654 1164 719 viginti
1191 669 1399 720 quatuora

191 719 475 782 Triumphali
501 720 629 784 veste.
665 721 719 766 In
750 718 1017 784 triumphali
1046 721 1164 768 veste
1196 739 1400 787 purpura

128 805 241 836 auro
278 789 420 836 mixta
440 825 454 848 ,
493 787 598 834 teste
620 784 770 832 Plinio
799 801 861 833 rx
887 824 899 845 ‚
938 792 1015 850 36.

194 918 318 967 CAP.
358 916 497 968 XVI.
552 915 666 965 Tres
694 915 836 982 fimul
877 915 1095 983 legiones.
1154 916 1272 966 Tres
1314 917 1403 966 111ae

127 986 337 1052 legiones
372 998 499 1031 erant
535 981 719 1035 Ofiava
737 1021 749 1042 ‚
779 1000 906 1035 nona
934 1022 947 1044 ,
979 990 1025 1031 δε
1053 983 1405 1051 quintadecima.

201 1049 273 1100 Ob
297 1049 518 1115 justitium
551 1063 631 1096 auc
658 1047 912 1114 gaudium?
957 1049 1186 1102 Justitium
1216 1065 1407 1114 propter

129 1132 327 1164 mortem
363 1115 559 1181 Augusti
581 1153 593 1174 ‚
626 1114 846 1181 gaudium
881 1114 941 1162 ob
968 1115 1143 1164 Tiberii
1175 1118 1404 1181 principa-

130 1198 242 1232 tum.
261 1183 316 1229 In
335 1181 461 1228 lucin
480 1180 668 1245 publico
691 1220 703 1241 ‚
726 1182 941 1229 nuntiatis
967 1181 1168 1230 cladibus
1187 1221 1199 1242 ,
1218 1181 1407 1248 aliisque

133 1248 394 1313 reipublicae
429 1248 757 1299 calamitatibus
785 1286 799 1309 ‚
844 1247 1128 1297 indicebatur
1155 1248 1372 1310 justitium
1393 1285 1408 1309 ‚

131 1313 207 1363 seu
245 1312 474 1361 cessabant
505 1311 689 1374 judicia.
933 1354 936 1356 μ

197 1377 468 1445 Hzstrionali
489 1376 656 1442 studio.
693 1376 987 1427 Histrionum
1018 1379 1214 1428 studium
1242 1377 1321 1427 ars
1347 1395 1408 1429 ue

133 1446 198 1493 est
215 1461 365 1510 partes
389 1461 444 1492 ac
467 1442 688 1492 fa&i011es
713 1442 869 1493 fovere
885 1484 898 1508 ‚
934 1460 982 1494 ut
1009 1445 1297 1497 theatralibus
1339 1447 1411 1494 uis

133 1513 288 1577 operis
322 1510 529 1559 favorem
559 1525 776 1578 quaerant.

196 1640 321 1690 CAP.
346 1638 508 1690 XVII.
527 1637 726 1689 Tricencz
749 1652 832 1688 aut
852 1639 1151 1706 quadragena
1155 1640 1411 1708 stipendia.'

134 1707 235 1771 Qui
269 1709 465 1756 tricenos
507 1720 585 1752 aut
614 1706 934 1773 quadragenos
963 1710 1136 1756 militiae
1160 1726 1308 1756 annos
1330 1725 1412 1756 to·-

132 1774 352 1823 lerabant.
378 1771 521 1835 Quod
533 1770 635 1819 sane
654 1773 931 1820 duriffimum
951 1811 962 1832 ‚
987 1773 1091 1821 crim
1106 1813 1118 1834 ‚
1137 1775 1207 1822 vel
1226 1777 1411 1840 vigente

133 1840 367 1903 republica
390 1877 403 1898 ‚
435 1839 606 1904 equites
631 1839 801 1899 denos,
829 1839 1004 1903 pedites
1028 1842 1212 1888 vicenos
1232 1840 1411 1895 tantum

138 1906 309 1956 militiae
341 1921 488 1951 annos
524 1904 774 1968 exple-rent.

205 1968 343 2032 Apud
373 1967 603 2018 vexillum.
647 1968 763 2018 Non
795 1968 917 2034 apud
948 1970 1122 2037 aquilas
1158 1969 1380 2040 fignaque
1399 1984 1416 2036 3

136 2035 215 2089 sed
239 2034 362 2100 apud
394 2034 626 2082 vexillum
641 2036 965 2084 retinebantur.

203 2101 313 2151 Alio
332 2097 562 2150 vocabulo.
584 2100 711 2148 Tum
730 2105 854 2149 enim
871 2101 1095 2152 Veterani
1112 2103 1409 2153 vocabantur.

202 2167 296 2216 Per
316 2182 476 2214 nomen
504 2181 734 2246 agrorum.
782 2167 952 2215 Milites
982 2166 1141 2214 dimiffi
1172 2172 1294 2234 agris
1321 2169 1416 2217 do·-

139 2233 379 2282 nabantur.
417 2230 554 2280 Certe
578 2229 752 2293 miseri,
783 2233 837 2293 fi,
866 2233 969 2298 post
1004 2234 1175 2280 militiae
1204 2234 1380 2283 labores
1399 2274 1412 2297 ‚

71 2336 86 2349 .
139 2301 337 2366 uligines
353 2296 574 2363 paludum
588 2336 601 2358 ,
613 2299 686 2347 vel
704 2300 874 2347 inculta
894 2301 1122 2346 montium
1140 2302 1416 2365 acciperent.

209 2365 369 2413 Denis
389 2364 437 2411 in
464 2361 581 2411 diem
601 2364 776 2429 affibuS.
800 2366 925 2413 Deni
947 2365 1013 2411 illi
1041 2363 1149 2412 affes
1175 2367 1419 2433 aequabant

143 2427 287 2483 ferme
313 2429 506 2478 Gallicae
538 2431 700 2478 nostrae
730 2447 925 2480 monetae
950 2427 1060 2479 asses
1094 2449 1167 2479 10.

210 2496 265 2553 V
263 2496 501 2555 acationes
551 2511 802 2551 munerum.
863 2496 1034 2549 Milites
1083 2499 1422 2560 immunitatem
