1655 3088
259 181 729 226 ANNALHJM
773 161 937 221 L113.
973 161 1078 223 IV.
1188 164 1297 220 281

39 265 240 347 Neque
277 284 466 323 tamen
499 259 780 344 pervasere
815 261 991 319 hostes
1015 308 1030 331 ,
1073 259 1171 318 nifi
1211 260 1305 318 ad-
1327 279 1523 312 ===ae

41 350 279 409 modum
318 347 514 428 pauci:
564 366 774 403 ceteros
799 392 814 416 ‚
860 342 1049 402 deleto
1081 356 1304 424 prom'p-
1327 348 1375 388 A.
1395 347 1445 383 U·
1465 343 1517 383 C.

40 432 241 491 tiflimo
261 452 486 510 quoque
509 449 601 487 aut
624 427 804 486 saucio
826 475 842 499 ‚
867 427 1165 509 adpetente
1189 432 1302 504 jam
1368 425 1478 468 779·

37 514 161 573 luce
184 562 200 586 ‚
240 511 442 571 trusere
469 513 526 570 in
553 510 772 570 summa
795 510 996 570 castelli
1021 534 1031 566 :
1066 508 1162 567 ubi
1185 528 1306 566 tan-
1367 489 1490 601 ἒξ·

39 598 173 657 dem
212 600 399 655 coaeta
434 595 650 655 deditio
676 643 691 667 ,
740 604 797 655 &
830 594 1083 676 proxima
1110 591 1305 674 sponte
1450 585 1468 606 ⁸

37 682 292 740 vicorum
336 700 555 761 recepta
591 704 602 736 z
653 677 877 759 reliquis
906 725 923 750 ‚
968 679 1079 758 quc>
1120 674 1306 733 minus

37 764 93 823 vi
132 784 225 821 aut
264 761 479 820 obsidio
521 761 903 842 subigerentur
928 807 944 831 ‚
982 779 1308 842 praematura

37 847 248 906 montis
271 846 454 903 Haemi
483 853 539 904 δέ
571 843 703 902 saeva
728 844 907 903 hiems
935 841 1205 902 subvenit.

118 931 242 987 LII.
282 928 373 986 AT
417 929 622 986 ROMAE
643 975 658 998 ‚
703 926 992 985 commota
1038 925 1305 1008 Principis

37 1009 213 1069 domo
241 1059 256 1082 ,
303 1033 362 1069 ut
405 1010 566 1069 series
609 1009 782 1069 futuri
831 1012 889 1068 in
933 1010 1307 1093 Agrippinam

37 1095 190 1153 exitii
218 1095 491 1176 inciperet
509 1110 534 1165 ‚‘
567 1093 810 1152 Claudia
832 1093 1066 1152 Pulchra
1089 1092 1310 1151 sobrina

37 1184 153 1258 ejus
177 1178 477 1260 postulatur
499 1225 516 1249 ,
551 1176 835 1236 accusante
856 1177 1121 1235 Domitio
1146 1174 1310 1237 Afro·

36 1262 90 1320 Is
116 1284 305 1320 recens
328 1257 557 1343 praetura
580 1308 598 1332 ‚
640 1261 897 1320 modicus
925 1260 1266 1342 dignationis
1289 1283 1308 1340 3

37 1351 96 1404 δε
134 1368 362 1425 quoquo
403 1342 649 1403 facinore
676 1368 940 1426 properus
971 1343 1263 1412 clarescere
1291 1391 1312 1416 ,

34 1450 81 1487 ’.α
93 1430 307 1487 crimen
349 1426 714 1510 impudicitiae
748 1475 765 1500 ‚
812 1427 1131 1487 adulterum
1177 1429 1311 1486 Fur-

34 1511 242 1571 :onium
261 1560 277 1584 ,
315 1511 584 1571 veneficia
613 1511 672 1570 in
697 1511 1014 1596 Principem
1045 1521 1102 1572 δε
1133 1509 1310 1571 devo-

33 1596 310 1655 notiones»
339 1595 670 1677 objectabat.
739 1596 1050 1679 Agrippina
1090 1596 1312 1678 semper

38 1698 196 1738 atrox
218 1728 234 1752 ‚
264 1699 386 1737 tum
413 1687 470 1739 δέ
499 1678 745 1761 periculo
767 1682 1088 1763 propinquae
1113 1702 1314 1743 accen-e

35 1761 92 1822 sa
114 1811 131 1836 ‚
168 1763 351 1846 pergit
381 1762 452 1821 ad
473 1763 773 1822 Tiberium
796 1811 812 1835 ‚
848 1789 908 1823 ac
935 1761 1079 1823 forte
1107 1761 1313 1821 sacrifi-

37 1866 260 1905 cantem
282 1847 423 1927 patri
446 1847 650 1928 reperit
675 1872 686 1904 :
724 1870 838 1927 quo
861 1847 1028 1906 initio
1052 1845 1308 1919 invidiae,

47 1931 229 1988 “Non
270 1927 571 2009 ejusdem»
602 1930 678 1987 ait
709 1935 1001 1993 “mactare
1030 1931 1162 1990 divo
1188 1929 1311 1989 Au-

36 2014 236 2095 :ngusto
259 2014 530 2084 victimaS,
551 2021 607 2072 δε
625 2014 864 2096 posteros
888 2021 1002 2094 ejus
1023 2013 1274 2074 insectari
1297 2037 1311 2072 z

35 2120 198 2155 :onon
234 2096 293 2152 in
321 2093 534 2177 effigies
561 2116 742 2154 mutas
767 2096 1025 2156 divinum
1057 2097 1313 2181 spiritum

37 2176 461 2257 „transfusum3
501 2177 597 2237 sed
620 2180 932 2262 imaginem
958 2203 1148 2241 veram
1168 2228 1184 2252 ‚
1216 2204 1313 2239 cae-

37 2263 201 2323 mlesti
223 2261 489 2343 sanguine
514 2283 696 2320 ortam
721 2310 737 2334 ‚
780 2263 1096 2346 intelligere
1126 2262 1312 2324 discri-

37 2354 218 2406 'mmen
238 2393 254 2417 ‚
278 2343 545 2427 suscipere
566 2344 769 2405 sordeS.
790 2348 997 2405 Frustra
1012 2348 1310 2407 Pulchram

38 2428 354 2513 »praescribi
371 2475 388 2499 ,
428 2429 516 2486 cui
541 2427 653 2487 sola
676 2430 828 2488 exitii
850 2430 1004 2489 causa
1024 2429 1089 2490 fit
1112 2479 1128 2505 ‚
1153 2431 1309 2514 qubd

37 2512 453 2595 »Agrippinam
475 2511 630 2571 stulte
644 2511 856 2595 prorsus
878 2513 948 2573 ad
973 2514 1187 2574 cultum
1211 2514 1307 2573 de-

37 2596 303 2685 alegerit,
324 2593 499 2658 oblita
516 2595 671 2658 Sofiae
688 2596 762 2659 ob
781 2597 982 2665 eadem
1004 2599 1231 2660 adflicstae
1243 2627 1303 2659 ω.
