1676 3105
276 160 384 236 338
478 154 558 212 IN
597 152 922 211 annuM
969 171 1388 210 SECUNDUM

342 253 523 302 Nomen
549 250 907 312 imperatorium.
942 249 1010 298 Re
1033 250 1249 317 praeclare
1273 250 1398 318 gesta
1420 287 1435 310 ,
1468 248 1558 302 dux

274 317 545 369 salutabatur
564 319 835 379 imperato&
862 322 906 363 δε
923 316 1124 365 Romam
1145 318 1285 366 redux
1299 355 1312 376 ,
1332 333 1384 364 ac
1410 318 1561 364 trium-

273 386 426 455 phalis
448 424 462 447 ,
497 383 701 432 lauream
729 384 776 432 in
809 381 1061 442 Capitolini
1082 382 1216 432 ,lovis
1232 383 1406 450 gremio
1428 398 1557 443 repo-

276 452 435 503 nebat.
473 451 638 500 Senec.
662 447 859 499 Consol.
887 447 946 496 ad
971 447 1192 497 Helviam
1217 483 1232 506 ,
1270 448 1392 514 Cap.
1423 465 1498 496 10.

346 584 471 634 CAP.
510 579 724 631 XXVII.
790 577 1016 627 proavum
1082 578 1361 638 Pompeium.
1437 577 1565 648 Ergo

277 651 401 702 Libo
440 647 612 698 Drusus
647 645 905 712 Pompeia,
943 644 1158 711 Pompeii
1191 644 1361 714 Magni
1397 663 1564 714 nepte,

282 733 481 786 gemtus.

344 782 554 831 Amisum
577 777 887 827 Scriboniam.
930 776 1161 844 Magnam
1190 776 1297 828 sane
1331 781 1536 830 amitam.

350 846 653 911 Conffibrinos
674 844 897 909 CaesareS.
936 842 1109 893 Caium
1133 862 1186 894 ac
1211 845 1445 909 Lucium,
1478 847 1571 897 Li-
1632 870 1639 877 ·

281 915 416 965 bonis
446 912 668 961 sobrinos.

349 980 441 1030 AEs
461 977 676 1026 alienum.
698 975 835 1024 Luxu
858 980 902 1023 &
927 992 1012 1024 aere
1033 976 1185 1024 alieno
1208 980 1328 1026 viam
1350 978 1407 1026 ad
1430 978 1570 1026 dieta-

285 1062 437 1097 turam
461 1042 780 1111 summamque
807 1044 1080 1108 potestatem
1109 1042 1256 1097 Julius
1282 1043 1432 1093 Caesar
1456 1044 1572 1093 olim
1632 1045 1643 1055 '

285 1113 367 1163 fibi
399 1125 653 1178 paraverat.
898 1132 902 1138 .

356 1176 700 1245 Neceffitatum.
746 1172 1068 1224 Amicitiarum
1103 1180 1148 1223 &
1184 1175 1573 1225 neceffitudinum.

288 1245 407 1295 Sunt
439 1262 592 1293 tamen
627 1244 707 1310 qui
743 1240 1020 1290 necessitates
1049 1242 1147 1290 illas
1184 1241 1241 1290 de
1277 1242 1492 1309 impensis
1528 1249 1574 1291 &

292 1312 458 1361 collata
486 1311 682 1376 pecunia
704 1309 980 1374 intelligant.
1019 1307 1084 1356 At
1104 1308 1240 1373 plura
1260 1347 1272 1369 ,
1301 1326 1348 1357 ut
1372 1309 1574 1370 videtur,

292 1377 394 1431 sunt
418 1379 589 1427 indicia
608 1414 620 1436 ‚
654 1374 685 1422 st
709 1374 765 1422 de
800 1373 1190 1422 necessitudinibus
1215 1377 1510 1442 intelligatur.

361 1508 487 1558 CAP.
509 1503 700 1555 XXIX.
735 1503 784 1554 V
782 1504 864 1570 este
896 1506 1092 1554 mutasti.
1117 1505 1189 1554 Ut
1214 1504 1343 1553 solito
1369 1503 1578 1565 sordidos

297 1593 387 1645 que
421 1591 606 1623 reorum
643 1571 765 1619 cultu
802 1569 1136 1621 miserationem
1166 1587 1385 1621 moveret.

363 1649 542 1692 Vocem.
578 1637 764 1690 Vocem
790 1640 994 1705 patroni.

364 1773 490 1823 CAP.
516 1769 686 1820 XXX.
717 1768 1023 1839 Brundisium.
1059 1770 1154 1821 Via
1189 1770 1352 1837 Appia
1377 1769 1581 1819 Brundi-

297 1839 409 1889 fium
449 1837 590 1906 usque
627 1837 773 1903 longa
809 1840 872 1886 est
909 1854 1069 1887 CCCLX
1103 1855 1164 1885 M.
1189 1836 1414 1903 passuum.
1469 1836 1582 1885 Inde

298 1921 423 1972 patet
448 1901 745 1954 accusationis
765 1904 990 1953 'vecordia
1014 1902 1170 1963 ,Reum
1198 1906 1271 1950 via
1299 1922 1356 1951 ne
1381 1901 1582 1950 sestertiis

300 1972 490 2038 quidem
521 1975 1039 2031 8,172,057‚6oo‚000,
1070 1967 1145 2016 seu
1165 1967 1357 2017 Gallicae
1383 1985 1583 2016 monetae

303 2037 427 2085 libris
464 2051 948 2098 1‚400,oo‘o,ooo,ooo
968 2076 981 2098 ,
1015 2037 1150 2084 sterni
1179 2033 1342 2102 poffet.
1379 2034 1582 2084 Brundi-

305 2103 419 2153 sium
437 2142 449 2164 ‚
481 2118 605 2151 nunc
631 2100 852 2169 Brindfi⁴

374 2235 498 2286 CAP.
520 2232 734 2282 XXXII.
759 2232 819 2283 L.
840 2233 900 2281 P.
923 2234 991 2282 Ita
1010 2231 1097 2281 Ms.
1116 2231 1241 2282 Flor.
1281 2233 1412 2297 Quas
1433 2234 1583 2283 literas

311 2300 453 2368 vulgo
480 2303 831 2366 interpretantur
854 2298 1030 2347 Lucius
1066 2298 1275 2348 Publius.

313 2370 506 2486 Vlb'czxo
523 2365 715 2431 dejeflus
734 2366 808 2432 est.
824 2366 946 2415 Saxo
959 2365 1166 2432 Tarpeio
1179 2383 1194 2428 3
1209 2381 1257 2414 ut
1274 2364 1391 2413 infra
1408 2364 1588 2416 Annal.
1636 2398 1653 2407 ι

465 2451 481 2480 1
527 2467 538 2479 .

311 2481 314 2489 Δ
380 2450 568 2576 izo-nim
598 2495 894 2566 Esquilinam.
926 2496 1069 2547 Nunc
1098 2496 1236 2546 Porta
1267 2495 1425 2545 Sancti
1454 2495 1583 2545 Lau-

312 2581 463 2615 rentii.
