1639 3100
1557 0 1590 82 ’ἓ

267 104 381 176 278
459 100 1375 185 C.C0RNEL11=TAc11-1

266 202 555 285 comperta
581 253 597 277 ‚
638 203 752 263 duo
780 208 1006 288 agmina
1030 231 1258 290 parant:
1293 192 1591 293 quorurn‘fi'l*¹

267 287 443 347 altero
476 336 492 360 ‚
542 287 895 371 populatores
942 292 1341 354 invaderentur
1372 320 1388 374 3
1444 296 1563 361 alii

86 357 200 464 3773:-
268 374 435 432 castra
486 374 747 432 Romana
807 373 1193 456 adpugnarent
1215 424 1232 450 ‚
1278 402 1395 437 non
1446 378 1585 462 spe

112 449 209 537 26..
265 455 559 541 capiendi,
582 455 680 515 sed
703 477 761 514 ut
783 455 1029 518 clamore
1050 507 1066 531 ‚
1093 459 1216 519 telis
1234 509 1250 533 ‚
1276 461 1372 521 suo
1397 461 1542 544 quis.
1570 470 1587 512 q·

262 565 372 623 que
411 539 660 623 periculo
691 540 977 615 intentus,
1014 541 1278 604 sonorem
1317 545 1543 606 alterius

259 624 444 709 proelii
486 648 603 682 non
649 625 924 707 acciperet
965 651 977 684 :
1036 628 1278 687 tenebrae
1320 628 1543 713 insuper
1589 668 1594 673 ·

261 708 489 769 delectae
508 757 524 780 ‚
555 710 874 792 augendam
899 709 970 769 ad
993 708 1385 785 formidinem.
1431 713 1542 773 Sed

258 795 358 876 qui
402 792 614 852 vallum
662 793 956 876 legionum
1003 797 1335 870 tentabant,
1376 795 1541 856 facile

257 877 559 962 pelluntur.
624 878 913 937 Thracum
956 880 1199 952 auxilia,
1241 882 1544 964 repentino

255 960 478 1021 incursu
517 961 707 1033 territa
731 1010 748 1034 ‚
796 961 927 1021 cum
964 986 1085 1046 pars
1128 965 1542 1026 munitionibus

256 1046 608 1125 adjacerent,
629 1045 811 1128 plures
834 1048 985 1106 extra
1009 1047 1326 1130 palarentur
1342 1098 1358 1122 ,
1385 1053 1541 1109 tanto

257 1128 524 1192 infensius
555 1128 669 1188 caesi
692 1178 708 1202 ,
753 1134 964 1212 quanto
996 1130 1286 1216 ceperfugae
1321 1142 1378 1194 δέ
1411 1156 1542 1216 pro-

257 1215 514 1274 auditores
539 1261 555 1286 ‚
597 1211 742 1273 ferre
768 1237 924 1274 arma
953 1216 1023 1275 ad
1048 1215 1209 1276 suum
1239 1218 1544 1300 patriaeque

256 1299 591 1359 „servitium
611 1328 672 1371 ο),
709 1298 1117 1360 incusabantur.

337 1384 554 1442 XLIX.
569 1385 850 1441 Posi-ERA
869 1383 961 1442 die
979 1384 1211 1443 Sabinus
1225 1383 1544 1444 exercitum

259 1489 419 1548 aequo
446 1465 573 1525 loco
611 1466 851 1525 ostendit
878 1514 894 1539 ‚
939 1466 979 1525 fi
1005 1468 1225 1526 barbari
1251 1516 1267 1541 ,
1301 1465 1543 1528 successu

259 1551 439 1610 noctis
491 1548 695 1608 alacres
721 1598 737 1622 ‚
797 1549 1061 1633 proelium
1107 1551 1379 1611 auderent
1413 1576 1425 1608 z
1485 1559 1546 1611 δεῖ

259 1635 552 1717 postquam
573 1633 792 1693 castello
812 1683 828 1706 ,
858 1657 952 1694 aut
976 1636 1287 1714 conjunctis
1312 1634 1546 1694 tumulis

257 1741 377 1778 non
401 1717 874 1801 degrediebantur
897 1766 914 1791 ‚
950 1719 1232 1779 obsidium
1255 1721 1423 1802 coepit
1447 1741 1546 1802 per

260 1801 507 1886 praefidia
527 1850 543 1873 ‚
587 1826 708 1883 quae
731 1806 1052 1886 opportune·
1067 1811 1183 1885 jam
1210 1803 1503 1864 muniebat
1528 1827 1543 1860 ε

261 1885 397 1946 dein
426 1884 625 1945 foffam
655 1885 1002 1967 loricamque
1030 1909 1331 1946 contexens
1356 1935 1373 1960 ,
1411 1909 1546 1968 qua-

262 1990 390 2030 tuor
415 1968 595 2030 millia
620 1968 871 2053 passuum
899 1971 1119 2030 ambitu
1142 1969 1428 2054 amplexus
1452 1971 1545 2030 est.

263 2056 421 2113 Tum
455 2054 748 2137 paullatim
776 2103 793 2128 ‚
835 2075 897 2113 ut
925 2079 1131 2142 aquam
1160 2054 1546 2138 pabulumque

263 2138 504 2220 eriperet
531 2186 548 2211 ,
609 2139 937 2200 contrahere
997 2139 1224 2199 claustra
1285 2144 1545 2220 arctaque

264 2223 651 2283 circumdare:
697 2224 1102 2285 &struebatur
1144 2246 1314 2307 agger
1336 2273 1352 2296 ‚
1390 2222 1544 2283 unde

265 2304 388 2364 saxa
411 2354 428 2379 ‚
466 2308 621 2366 hastae
656 2354 674 2381 ,
722 2308 879 2391 ignes
913 2309 1292 2391 propinquum
1326 2316 1438 2390 jam
1481 2307 1544 2365 in

265 2389 483 2449 hostem
511 2398 836 2470 jacerentur.
864 2392 972 2453 Sed
997 2392 1139 2451 nihil
1161 2393 1313 2474 aeque
1331 2441 1347 2465 ‚
1369 2389 1543 2473 quam

267 2472 378 2532 fitis
403 2522 419 2546 ‚
463 2470 732 2557 fatigabat
761 2524 777 2548 ,
824 2477 952 2535 cum
996 2478 1192 2560 ingens
1236 2474 1542 2535 multitudo

267 2557 607 2620 bellatorum
643 2607 661 2634 ‚
717 2561 1041 2624 imbellium
1084 2608 1102 2635 ,
1160 2584 1274 2622 uno
1324 2559 1543 2640 reliquo.

49 275 104 317 A.
123 278 172 315 U.
193 278 242 318 C.
