1682 3110
312 172 388 274 [ij
525 148 1013 240 'PRAEFA
1059 141 1297 218 TIO.

314 283 694 380 frequentiae
728 268 961 343 causas,
1017 261 1187 350 Quae
1216 254 1298 323 de
1320 243 1541 321 aerario'
1561 282 1618 337 9»

319 385 403 453 de
451 375 707 449 tributis
756 352 1309 451 ve&igalibusque
1356 342 1590 441 populi

318 473 615 549 Romani
662 460 811 532 ante
869 455 1218 522 docueram
1256 494 1280 531 ,
1336 441 1593 509 addita-
1675 490 1678 495 .

322 570 560 642 mentis
611 549 1015 631 confirmavi.
1095 541 1345 609 Pueros
1397 530 1597 630 puel-¹

323 667 544 756 lasque
569 655 888 750 Ulpianos
922 635 1357 710 alimentarios
1379 682 1401 718 ,
1435 645 1598 723 prae-⁴

327 755 769 832 stantissrmum
854 740 1259 830 dignumque
1342 727 1600 818 optimo

328 854 635 944 Principe
663 841 1022 911 institutum
1050 879 1071 916 ,
1114 850 1234 920 pro
1261 823 1355 890 rei
1381 815 1607 910 digni-2
1679 824 1682 861 ³

332 971 469 1020 tate
497 952 566 1015 ὃζ
591 936 870 1008 utilitate
891 981 910 1017 ‚
947 948 1099 995 cum
1131 908 1554 990 celeberrima
1576 959 1604 998 ,

337 1070 478 1138 quae
503 1039 703 1111 exstat
719 1084 739 1119 ,
763 1022 1193 1114 Inscriptione
1211 1064 1234 1101 ,
1256 1008 1606 1102 diligenter
1680 1067 1682 1073 ,

340 1134 627 1232 exposui.
643 1129 756 1197 De
780 1115 1153 1190 Christianis
1176 1127 1442 1199 quoque
1456 1105 1610 1169 cum
1676 1139 1679 1174 ξ

337 1235 500 1327 saepe
522 1226 677 1297 effet
702 1218 863 1290 mihi
888 1205 1215 1306 agendum
1241 1252 1262 1289 ,
1302 1198 1469 1289 juvit
1495 1216 1610 1276 cut
1678 1178 1680 1254 ἶ

342 1328 423 1399 ab
457 1321 718 1418 optimis
750 1314 946 1383 etiam
969 1295 1377 1393 Principibus
1408 1313 1611 1363 vexa«
1679 1310 1681 1386 γ

345 1443 568 1493 rentur
585 1406 974 1507 expendere.
995 1389 1331 1489 Stupenda
1351 1388 1618 1457 demum
1679 1398 1682 1509 l

349 1513 622 1602 Traiani
648 1527 846 1601 opera
872 1551 893 1587 ,
937 1512 1212 1590 pontem
1251 1485 1436 1578 supra
1475 1479 1620 1548 Da·-
1681 1512 1682 1546 1

351 1609 625 1681 nubium
667 1651 690 1690 ,
740 1594 1115 1668 columnam
1139 1635 1161 1673 ,
1206 1602 1442 1649 navem
1476 1596 1626 1645 om«,
1681 1582 1682 1614 ³

355 1708 538 1777 nium
576 1696 925 1767 maximam
948 1737 970 1774 ,
1019 1680 1273 1770 aliaque
1310 1672 1378 1742 id
1417 1692 1627 1764 genus

355 1812 821 1873 monumenta,
887 1773 1258 1871 singillatim
1309 1764 1629 1859 descripfi.

358 1895 450 1964 Et
474 1944 497 1980 ,
542 1897 693 1958 cum
727 1881 855 1951 sese
897 1871 1151 1944 occafio
1195 1861 1507 1947 dediffet,
1549 1876 1633 1931 ut

353 1991 827 2079 Fragmentum
881 1969 1029 2039 Titi
1082 1961 1262 2030 Livii
1304 2009 1326 2046 ‚
1397 1951 1631 2022 recens

358 2102 687 2178 repertum
702 2126 723 2162 ,
745 2067 1075 2139 laudarem
1089 2109 1110 2152 ,
1134 2076 1400 2151 operam
1416 2068 1632 2131 meam

365 2173 703 2247 desiderari
721 2190 856 2235 non
868 2162 1004 2230 sum
1024 2151 1252 2250 paffuS,
1269 2168 1343 2213 ut
1364 2141 1633 2213 eruditis

369 2275 523 2343 viris
553 2265 940 2362 gratificarer
966 2305 986 2338 ‚
1035 2249 1147 2340 qui
1185 2240 1428 2311 foedam
1465 2238 1636 2303 hanc

373 2365 741 2437 &laceram
760 2352 939 2425 Livii
955 2343 1258 2414 laciniam
1277 2329 1637 2425 integritati

370 2463 492 2531 suae
539 2457 890 2526 restitutam
933 2450 1386 2537 percuperent.
1459 2421 1637 2493 Illud

371 2579 536 2649 ergo
627 2549 1097 2642 Fragmentum
1184 2520 1638 2622 supplemento„
