1655 3088
227 162 578 214 vfirERuM
632 145 1147 205 Senum-onum.
1238 143 1370 232 cxiij¹

160 266 742 333 'SULPITIUS
812 267 1273 329 SEVERUS

419 382 615 457 Hzstor.
635 376 799 454 fizcrae
826 381 1047 436 lian.

157 496 181 544 1
198 513 232 544 D
265 494 470 544 tantum
494 489 760 542 annotasse
790 501 1069 540 contentus
1091 488 1204 540 sumv
1229 487 1370 542 hunc

93 557 170 610 Ne
148 578 273 609 eron
259 577 322 607 m
344 576 431 618 per
451 556 629 609 omnia
657 554 929 606 foedissima
950 556 1006 607 &
1029 555 1369 606 crudelissima

93 627 159 677 εξ)
186 620 508 689 proceffiffe,
547 636 605 674 ut
625 636 844 673 matrem
865 621 1225 674 interficeret:
1259 621 1371 686 pest

93 704 147 742 et
144 691 251 742 iam
271 690 573 764 Pythagorae
598 689 837 739 cuidam¹
858 687 914 739 in
936 687 1159 740 modum
1183 686 1374 738 solem=

94 756 243 808 nium
292 758 664 830 conjugiorum
711 754 949 805 nuberet·
1035 753 1375 826 Inditumque

95 820 400 888 imperatori
432 823 771 872 flammeum:
809 821 903 871 dos
925 820 983 871 ὅ(
1005 818 1221 893 genialis
1243 817 1373 870 thom

93 904 216 951 ωε,
251 890 307 940 &
349 887 486 939 faces
529 885 828 951 nuptialeS,
875 889 1059 938 cunfta
1102 884 1369 964 denique,

23 980 27 984 ·
91 969 206 1019 quae
254 954 343 1004 vel
390 953 444 1003 in
490 952 701 1004 feminis
746 969 858 1004 non
902 951 1007 1004 fine
1053 949 1372 1006 verecundia

94 1020 522 1087 conspiciuntur,
562 1019 794 1085 speetata.

506 1131 532 1187 I
557 1128 616 1186 D
643 1129 684 1186 E
709 1128 781 1185 M
837 1130 963 1185 ibid.

157 1242 450 1291 INTEREA
486 1237 790 1290 abundante
829 1237 933 1301 jam
963 1235 1373 1290 Christianorum

93 1305 464 1365 multitudine,
496 1303 692 1355 accidit
708 1317 764 1354 ut
786 1306 955 1354 Roma
974 1303 1224 1355 incendio
1249 1322 1374 1356 con-

90 1373 368 1445 flagraret,
404 1344 623 1422 Nerone
654 1369 791 1434 apud
818 1369 1038 1420 Antium
1068 1369 1372 1421 constituto.

91 1439 194 1489 Sed
234 1435 425 1502 opmio
458 1435 698 1488 omnium
731 1433 987 1486 invidiam
1025 1434 1262 1487 incendii
1313 1434 1375 1487 in

84 1502 381 1568 Principem
397 1503 766 1577 retorquebat3
784 1502 1191 1576 credebaturque
1204 1504 1371 1566 Impe-

90 1582 234 1621 rator
281 1568 504 1647 gloriam
566 1585 737 1619 mnov
722 1569 884 1618 andae
932 1567 1084 1620 Urbis
1107 1567 1370 1642 quaefiffe

89 1636 280 1700 Neque
305 1634 412 1686 unii
436 1652 489 1685 re
521 1635 668 1684 Nero
700 1634 992 1696 efficiebat,
1031 1633 1162 1708 quin
1195 1635 1260 1685 ab
1302 1651 1377 1685 eo·

95 1702 280 1764 jussum
318 1699 670 1751 incendium2
695 1712 976 1764 putaretur.
1020 1699 1184 1763 Igitur
1211 1699 1377 1751 vertit

93 1765 379 1818 invidiam
366 1783 420 1816 m
440 1764 775 1826 Christianos,
794 1764 1048 1838 adtaeque
1035 1781 1090 1814 1n
1117 1764 1373 1817 innoxios

92 1832 443 1884 crudeliffimae
471 1831 803 1895 quaestiones:
827 1847 956 1895 quin
977 1830 1034 1881 &
1055 1847 1207 1881 novae
1232 1848 1372 1882 mor==

91 1912 168 1950 tes
184 1897 533 1972 excogitatae‚
577 1909 634 1945 ut
662 1893 885 1946 ferarum
913 1895 1069 1961 tergis
1106 1896 1372 1959 conteffl,

90 1963 288 2015 laniatu
308 1978 495 2014 canum
516 1960 809 2012 interirent.
823 1961 980 2012 Multi
1007 1961 1245 2013 crucibus
1268 1963 1374 2013 affi-

91 2030 193 2091 xi,
213 2042 299 2079 aut
317 2025 526 2078 flamma
544 2027 654 2077 usti.
678 2026 954 2102 Plerique
940 2045 996 2079 1n
1015 2027 1068 2078 id
1091 2028 1336 2080 reservati
1355 2068 1375 2091 ,

93 2110 151 2147 ut
182 2112 300 2146 cum
338 2092 604 2144 defecisset
639 2093 751 2145 dies
786 2130 802 2156 ‚
854 2111 911 2145 m
948 2093 1095 2147 usum
1126 2093 1374 2147 noeturni

91 2160 305 2213 luminis
342 2171 623 2211 uterentur.

154 2302 169 2323 ¹
193 2293 292 2333 Haec
340 2290 464 2331 ferme
519 2290 693 2331 totidem
822 2300 839 2322 2
862 2290 961 2332 Haec
975 2290 1118 2333 omnia
1130 2293 1368 2348 deprompta

23 2385 36 2390 -
94 2347 225 2387 verbis
247 2346 410 2387 Tacitus
428 2346 580 2388 Annah
600 2348 688 2396 XV
762 2358 783 2384 e
811 2346 956 2389 Tacito
992 2347 1146 2392 Annal.
1178 2351 1275 2401 XV,
1313 2364 1369 2399 40

95 2414 158 2454 37·
761 2402 802 2439 δε
828 2414 898 2449 44

692 2494 755 2562 ἔ(
