<?xml version="1.0" encoding="UTF-8"?>
<!DOCTYPE html PUBLIC "-//W3C//DTD XHTML 1.0 Transitional//EN"
    "http://www.w3.org/TR/xhtml1/DTD/xhtml1-transitional.dtd">
<html xmlns="http://www.w3.org/1999/xhtml" xml:lang="en" lang="en">
 <head>
  <title>
</title>
<meta http-equiv="Content-Type" content="text/html;charset=utf-8" />
  <meta name='ocr-system' content='tesseract 3.04.00' />
  <meta name='ocr-capabilities' content='ocr_page ocr_carea ocr_par ocr_line ocrx_word'/>
</head>
<body>
  <div class='ocr_page' id='page_1' title='image "./ccorneliitacitio01taci_0510.png"; bbox 0 0 1676 3105; ppageno 0'>
   <div class='ocr_carea' id='block_1_1' title="bbox 649 4 671 13">
    <p class='ocr_par' dir='ltr' id='par_1_1' title="bbox 649 4 671 13">
     <span class='ocr_line' id='line_1_1' title="bbox 649 4 671 13; baseline 0 0"><span class='ocrx_word' id='word_1_1' title='bbox 649 4 671 13; x_wconf 54' lang='lat' dir='ltr'>x</span> 
     </span>
    </p>
   </div>
   <div class='ocr_carea' id='block_1_2' title="bbox 226 154 1330 235">
    <p class='ocr_par' dir='ltr' id='par_1_2' title="bbox 226 154 1330 235">
     <span class='ocr_line' id='line_1_2' title="bbox 226 154 1330 235; baseline 0.006 -23"><span class='ocrx_word' id='word_1_2' title='bbox 226 154 342 235; x_wconf 66' lang='lat'>380</span> <span class='ocrx_word' id='word_1_3' title='bbox 427 155 516 214; x_wconf 82' lang='lat' dir='ltr'>IN</span> <span class='ocrx_word' id='word_1_4' title='bbox 562 158 898 218; x_wconf 79' lang='lat' dir='ltr'>LIBRUM</span> <span class='ocrx_word' id='word_1_5' title='bbox 945 178 1330 220; x_wconf 69' lang='lat' dir='ltr'>TrariuM</span> 
     </span>
    </p>
   </div>
   <div class='ocr_carea' id='block_1_3' title="bbox 222 254 1522 2294">
    <p class='ocr_par' dir='ltr' id='par_1_3' title="bbox 222 254 1522 1177">
     <span class='ocr_line' id='line_1_3' title="bbox 222 254 1522 319; baseline 0.005 -15"><span class='ocrx_word' id='word_1_6' title='bbox 222 255 330 305; x_wconf 87' lang='lat' dir='ltr'>inde</span> <span class='ocrx_word' id='word_1_7' title='bbox 354 256 412 305; x_wconf 88' lang='lat' dir='ltr'>ad</span> <span class='ocrx_word' id='word_1_8' title='bbox 431 254 735 317; x_wconf 82' lang='lat' dir='ltr'>Garamantas</span> <span class='ocrx_word' id='word_1_9' title='bbox 754 297 768 319; x_wconf 89' lang='lat'>,</span> <span class='ocrx_word' id='word_1_10' title='bbox 800 255 845 305; x_wconf 86' lang='lat' dir='ltr'>la</span> <span class='ocrx_word' id='word_1_11' title='bbox 868 258 1018 317; x_wconf 78' lang='lat' dir='ltr'>partie</span> <span class='ocrx_word' id='word_1_12' title='bbox 1039 258 1277 307; x_wconf 70' lang='lat' dir='ltr'><em>Orientale</em></span> <span class='ocrx_word' id='word_1_13' title='bbox 1299 257 1356 307; x_wconf 75' lang='lat' dir='ltr'>du.</span> <span class='ocrx_word' id='word_1_14' title='bbox 1375 270 1435 319; x_wconf 83' lang='lat' dir='ltr'>pa</span> <span class='ocrx_word' id='word_1_15' title='bbox 1470 270 1492 306; x_wconf 66' lang='lat' dir='ltr'>f</span> <span class='ocrx_word' id='word_1_16' title='bbox 1511 306 1522 310; x_wconf 79' lang='grc'><em>,</em></span> 
     </span>
     <span class='ocr_line' id='line_1_4' title="bbox 224 320 1492 390; baseline 0.002 -21"><span class='ocrx_word' id='word_1_17' title='bbox 224 320 304 370; x_wconf 80' lang='lat' dir='ltr'>des</span> <span class='ocrx_word' id='word_1_18' title='bbox 330 322 490 371; x_wconf 78' lang='lat' dir='ltr'>Dares</span> <span class='ocrx_word' id='word_1_19' title='bbox 513 361 526 382; x_wconf 90' lang='lat'>‚</span> <span class='ocrx_word' id='word_1_20' title='bbox 563 321 819 390; x_wconf 84' lang='lat' dir='ltr'>suffugeret.</span> <span class='ocrx_word' id='word_1_21' title='bbox 865 323 1042 372; x_wconf 67' lang='lat' dir='ltr'>Contra</span> <span class='ocrx_word' id='word_1_22' title='bbox 1068 322 1179 372; x_wconf 77' lang='lat' dir='ltr'>vero·</span> <span class='ocrx_word' id='word_1_23' title='bbox 1200 328 1247 373; x_wconf 92' lang='lat' dir='ltr'>in</span> <span class='ocrx_word' id='word_1_24' title='bbox 1267 325 1412 373; x_wconf 82' lang='lat' dir='ltr'>Numi</span> <span class='ocrx_word' id='word_1_25' title='bbox 1446 323 1492 372; x_wconf 58' lang='lat' dir='ltr'>ia</span> 
     </span>
     <span class='ocr_line' id='line_1_5' title="bbox 223 388 1490 454; baseline 0.002 -20"><span class='ocrx_word' id='word_1_26' title='bbox 223 405 373 454; x_wconf 82' lang='lat' dir='ltr'>prope</span> <span class='ocrx_word' id='word_1_27' title='bbox 393 389 578 436; x_wconf 88' lang='lat' dir='ltr'>fluvium</span> <span class='ocrx_word' id='word_1_28' title='bbox 600 388 885 454; x_wconf 83' lang='lat' dir='ltr'>Ampsagam</span> <span class='ocrx_word' id='word_1_29' title='bbox 905 427 917 448; x_wconf 88' lang='lat'>,</span> <span class='ocrx_word' id='word_1_30' title='bbox 950 407 1074 437; x_wconf 87' lang='lat' dir='ltr'>nunc</span> <span class='ocrx_word' id='word_1_31' title='bbox 1099 389 1457 439; x_wconf 71' lang='lat' dir='ltr'>n&#39;ad-el-Kibir</span> <span class='ocrx_word' id='word_1_32' title='bbox 1473 428 1490 452; x_wconf 87' lang='lat'>,</span> 
     </span>
     <span class='ocr_line' id='line_1_6' title="bbox 222 453 1492 522; baseline 0.001 -20"><span class='ocrx_word' id='word_1_33' title='bbox 222 454 434 503; x_wconf 82' lang='lat' dir='ltr'>excubias</span> <span class='ocrx_word' id='word_1_34' title='bbox 459 454 621 519; x_wconf 77' lang='lat' dir='ltr'>agebat</span> <span class='ocrx_word' id='word_1_35' title='bbox 643 453 804 501; x_wconf 84' lang='lat' dir='ltr'>Blaesus</span> <span class='ocrx_word' id='word_1_36' title='bbox 824 453 940 501; x_wconf 85' lang='lat' dir='ltr'>filius</span> <span class='ocrx_word' id='word_1_37' title='bbox 970 473 1026 502; x_wconf 91' lang='lat' dir='ltr'>ne</span> <span class='ocrx_word' id='word_1_38' title='bbox 1048 454 1327 503; x_wconf 76' lang='lat' dir='ltr'>Cirtensium·</span> <span class='ocrx_word' id='word_1_39' title='bbox 1346 458 1457 522; x_wconf 80' lang='lat' dir='ltr'>pagi</span> <span class='ocrx_word' id='word_1_40' title='bbox 1480 493 1492 516; x_wconf 87' lang='lat'><em>‚</em></span> 
     </span>
     <span class='ocr_line' id='line_1_7' title="bbox 224 519 1493 587; baseline 0 -19"><span class='ocrx_word' id='word_1_41' title='bbox 224 536 422 587; x_wconf 87' lang='lat' dir='ltr'>quorum</span> <span class='ocrx_word' id='word_1_42' title='bbox 456 519 556 565; x_wconf 85' lang='lat' dir='ltr'>urbs</span> <span class='ocrx_word' id='word_1_43' title='bbox 587 521 800 584; x_wconf 88' lang='lat' dir='ltr'>princeps</span> <span class='ocrx_word' id='word_1_44' title='bbox 831 519 958 566; x_wconf 89' lang='lat' dir='ltr'>Cirta</span> <span class='ocrx_word' id='word_1_45' title='bbox 978 558 989 579; x_wconf 90' lang='lat'>‚</span> <span class='ocrx_word' id='word_1_46' title='bbox 1023 520 1493 585; x_wconf 78' lang='lat' dir='ltr'>nunc‘Constantine‚</span> 
     </span>
     <span class='ocr_line' id='line_1_8' title="bbox 223 582 1514 649; baseline -0.001 -14"><span class='ocrx_word' id='word_1_47' title='bbox 223 588 273 636; x_wconf 84' lang='lat' dir='ltr'>in</span> <span class='ocrx_word' id='word_1_48' title='bbox 304 586 609 634; x_wconf 76' lang='lat' dir='ltr'>Tacfarinatis</span> <span class='ocrx_word' id='word_1_49' title='bbox 645 600 793 649; x_wconf 84' lang='lat' dir='ltr'>partes</span> <span class='ocrx_word' id='word_1_50' title='bbox 824 582 1015 649; x_wconf 76' lang='lat' dir='ltr'>impune</span> <span class='ocrx_word' id='word_1_51' title='bbox 1049 585 1344 633; x_wconf 80' lang='lat' dir='ltr'>traherentur.</span> <span class='ocrx_word' id='word_1_52' title='bbox 1394 586 1514 634; x_wconf 61' lang='lat' dir='ltr'>Sci-‘</span> 
     </span>
     <span class='ocr_line' id='line_1_9' title="bbox 223 648 1496 717; baseline 0 -18"><span class='ocrx_word' id='word_1_53' title='bbox 223 654 415 717; x_wconf 85' lang='lat' dir='ltr'>pionem</span> <span class='ocrx_word' id='word_1_54' title='bbox 429 653 546 697; x_wconf 87' lang='lat' dir='ltr'>inter</span> <span class='ocrx_word' id='word_1_55' title='bbox 563 656 606 697; x_wconf 89' lang='lat'>&amp;</span> <span class='ocrx_word' id='word_1_56' title='bbox 622 648 811 698; x_wconf 69' lang='lat' dir='ltr'>Blaesum</span> <span class='ocrx_word' id='word_1_57' title='bbox 829 649 973 697; x_wconf 86' lang='lat' dir='ltr'>filium</span> <span class='ocrx_word' id='word_1_58' title='bbox 994 651 1165 698; x_wconf 84' lang='lat' dir='ltr'>medius</span> <span class='ocrx_word' id='word_1_59' title='bbox 1184 649 1345 701; x_wconf 85' lang='lat' dir='ltr'>Blaesus</span> <span class='ocrx_word' id='word_1_60' title='bbox 1366 668 1496 715; x_wconf 80' lang='lat' dir='ltr'>pater</span> 
     </span>
     <span class='ocr_line' id='line_1_10' title="bbox 222 714 1498 766; baseline -0.001 -1"><span class='ocrx_word' id='word_1_61' title='bbox 222 719 348 766; x_wconf 57' lang='lat' dir='ltr'>areta</span> <span class='ocrx_word' id='word_1_62' title='bbox 372 724 415 764; x_wconf 66' lang='grc' dir='ltr'>ὃ(</span> <span class='ocrx_word' id='word_1_63' title='bbox 436 714 612 764; x_wconf 74' lang='lat' dir='ltr'>infensa</span> <span class='ocrx_word' id='word_1_64' title='bbox 631 716 830 763; x_wconf 85' lang='lat' dir='ltr'>hostibus</span> <span class='ocrx_word' id='word_1_65' title='bbox 854 718 1018 764; x_wconf 56' lang='lat' dir='ltr'>cundia</span> <span class='ocrx_word' id='word_1_66' title='bbox 1041 718 1089 763; x_wconf 89' lang='lat' dir='ltr'>in</span> <span class='ocrx_word' id='word_1_67' title='bbox 1109 716 1266 764; x_wconf 73' lang='lat' dir='ltr'>Africa</span> <span class='ocrx_word' id='word_1_68' title='bbox 1288 716 1498 765; x_wconf 80' lang='lat' dir='ltr'>faciebat.</span> 
     </span>
     <span class='ocr_line' id='line_1_11' title="bbox 223 778 1500 851; baseline 0.001 -21"><span class='ocrx_word' id='word_1_69' title='bbox 223 782 353 831; x_wconf 88' lang='lat' dir='ltr'>Tum</span> <span class='ocrx_word' id='word_1_70' title='bbox 387 778 578 851; x_wconf 74' lang='lat' dir='ltr'>quoquo</span> <span class='ocrx_word' id='word_1_71' title='bbox 618 783 859 830; x_wconf 80' lang='lat' dir='ltr'>inclinaret</span> <span class='ocrx_word' id='word_1_72' title='bbox 891 781 1160 830; x_wconf 80' lang='lat' dir='ltr'>Tacfarinas</span> <span class='ocrx_word' id='word_1_73' title='bbox 1182 821 1195 842; x_wconf 88' lang='lat'>‚</span> <span class='ocrx_word' id='word_1_74' title='bbox 1233 783 1500 831; x_wconf 84' lang='lat' dir='ltr'>occurrebat</span> 
     </span>
     <span class='ocr_line' id='line_1_12' title="bbox 223 847 1497 916; baseline 0 -20"><span class='ocrx_word' id='word_1_75' title='bbox 223 867 328 916; x_wconf 89' lang='lat' dir='ltr'>pars</span> <span class='ocrx_word' id='word_1_76' title='bbox 361 852 514 915; x_wconf 83' lang='lat' dir='ltr'>aliqua</span> <span class='ocrx_word' id='word_1_77' title='bbox 548 849 699 895; x_wconf 84' lang='lat' dir='ltr'>militis</span> <span class='ocrx_word' id='word_1_78' title='bbox 725 847 941 895; x_wconf 84' lang='lat' dir='ltr'>Romani.</span> <span class='ocrx_word' id='word_1_79' title='bbox 986 849 1034 895; x_wconf 86' lang='lat' dir='ltr'>Si</span> <span class='ocrx_word' id='word_1_80' title='bbox 1058 848 1266 896; x_wconf 88' lang='lat' dir='ltr'>Africam</span> <span class='ocrx_word' id='word_1_81' title='bbox 1292 864 1497 913; x_wconf 87' lang='lat' dir='ltr'>peteret,</span> 
     </span>
     <span class='ocr_line' id='line_1_13' title="bbox 224 912 1499 977; baseline 0 -15"><span class='ocrx_word' id='word_1_82' title='bbox 224 918 272 964; x_wconf 88' lang='lat' dir='ltr'>in</span> <span class='ocrx_word' id='word_1_83' title='bbox 304 933 383 962; x_wconf 88' lang='lat' dir='ltr'>ore</span> <span class='ocrx_word' id='word_1_84' title='bbox 415 929 510 962; x_wconf 89' lang='lat' dir='ltr'>erat</span> <span class='ocrx_word' id='word_1_85' title='bbox 532 912 694 960; x_wconf 83' lang='lat' dir='ltr'>Blaesus</span> <span class='ocrx_word' id='word_1_86' title='bbox 727 929 856 977; x_wconf 87' lang='lat' dir='ltr'>pater</span> <span class='ocrx_word' id='word_1_87' title='bbox 878 952 889 972; x_wconf 89' lang='lat'>‚</span> <span class='ocrx_word' id='word_1_88' title='bbox 919 914 967 959; x_wconf 85' lang='lat' dir='ltr'>in</span> <span class='ocrx_word' id='word_1_89' title='bbox 990 913 1129 961; x_wconf 87' lang='lat' dir='ltr'>latere</span> <span class='ocrx_word' id='word_1_90' title='bbox 1154 914 1311 961; x_wconf 84' lang='lat' dir='ltr'>dextro</span> <span class='ocrx_word' id='word_1_91' title='bbox 1334 913 1499 963; x_wconf 74' lang='lat' dir='ltr'>Blaesus</span> 
     </span>
     <span class='ocr_line' id='line_1_14' title="bbox 224 978 1498 1043; baseline -0.001 -15"><span class='ocrx_word' id='word_1_92' title='bbox 224 981 339 1028; x_wconf 89' lang='lat' dir='ltr'>filius</span> <span class='ocrx_word' id='word_1_93' title='bbox 358 1019 369 1039; x_wconf 89' lang='lat'>,</span> <span class='ocrx_word' id='word_1_94' title='bbox 401 982 451 1027; x_wconf 90' lang='lat' dir='ltr'>in</span> <span class='ocrx_word' id='word_1_95' title='bbox 471 979 642 1026; x_wconf 88' lang='lat' dir='ltr'>finistro</span> <span class='ocrx_word' id='word_1_96' title='bbox 667 978 913 1027; x_wconf 87' lang='lat' dir='ltr'>Cornelius</span> <span class='ocrx_word' id='word_1_97' title='bbox 931 979 1106 1043; x_wconf 87' lang='lat' dir='ltr'>Scipio.</span> <span class='ocrx_word' id='word_1_98' title='bbox 1140 979 1189 1026; x_wconf 89' lang='lat' dir='ltr'>Si</span> <span class='ocrx_word' id='word_1_99' title='bbox 1209 978 1324 1026; x_wconf 72' lang='lat' dir='ltr'>forte</span> <span class='ocrx_word' id='word_1_100' title='bbox 1346 980 1498 1028; x_wconf 72' lang='lat' dir='ltr'>versus</span> 
     </span>
     <span class='ocr_line' id='line_1_15' title="bbox 225 1043 1498 1110; baseline -0.002 -16"><span class='ocrx_word' id='word_1_101' title='bbox 225 1044 418 1095; x_wconf 85' lang='lat' dir='ltr'>Blaesum</span> <span class='ocrx_word' id='word_1_102' title='bbox 436 1044 580 1093; x_wconf 89' lang='lat' dir='ltr'>filium</span> <span class='ocrx_word' id='word_1_103' title='bbox 604 1062 678 1093; x_wconf 92' lang='lat' dir='ltr'>aut</span> <span class='ocrx_word' id='word_1_104' title='bbox 697 1045 966 1109; x_wconf 85' lang='lat' dir='ltr'>Scipionem</span> <span class='ocrx_word' id='word_1_105' title='bbox 986 1043 1339 1110; x_wconf 62' lang='lat' dir='ltr'>progrederetur</span> <span class='ocrx_word' id='word_1_106' title='bbox 1356 1084 1371 1106; x_wconf 85' lang='lat'>,</span> <span class='ocrx_word' id='word_1_107' title='bbox 1402 1062 1498 1094; x_wconf 85' lang='lat' dir='ltr'>tum</span> 
     </span>
     <span class='ocr_line' id='line_1_16' title="bbox 224 1114 1502 1177; baseline -0.005 -15"><span class='ocrx_word' id='word_1_108' title='bbox 224 1114 435 1162; x_wconf 79' lang='lat' dir='ltr'>alteruter</span> <span class='ocrx_word' id='word_1_109' title='bbox 466 1128 559 1159; x_wconf 85' lang='lat' dir='ltr'>erat</span> <span class='ocrx_word' id='word_1_110' title='bbox 586 1114 635 1159; x_wconf 90' lang='lat' dir='ltr'>in</span> <span class='ocrx_word' id='word_1_111' title='bbox 664 1128 810 1177; x_wconf 86' lang='lat' dir='ltr'>tergo.</span> <span class='ocrx_word' id='word_1_112' title='bbox 1499 1146 1502 1147; x_wconf 12' lang='grc' dir='ltr'><em>γ</em></span> 
     </span>
    </p>

    <p class='ocr_par' dir='ltr' id='par_1_4' title="bbox 225 1173 1502 1362">
     <span class='ocr_line' id='line_1_17' title="bbox 294 1173 1502 1237; baseline -0.002 -8"><span class='ocrx_word' id='word_1_113' title='bbox 294 1176 478 1229; x_wconf 75' lang='lat' dir='ltr'>Veteris</span> <span class='ocrx_word' id='word_1_114' title='bbox 495 1177 762 1237; x_wconf 67' lang='lat' dir='ltr'>provinciae.</span> <span class='ocrx_word' id='word_1_115' title='bbox 788 1175 971 1223; x_wconf 84' lang='lat' dir='ltr'>Africae.</span> <span class='ocrx_word' id='word_1_116' title='bbox 989 1173 1149 1223; x_wconf 77' lang='lat' dir='ltr'>Africa</span> <span class='ocrx_word' id='word_1_117' title='bbox 1168 1188 1317 1224; x_wconf 83' lang='lat' dir='ltr'>autem</span> <span class='ocrx_word' id='word_1_118' title='bbox 1339 1176 1502 1226; x_wconf 85' lang='lat' dir='ltr'>dicitur</span> 
     </span>
     <span class='ocr_line' id='line_1_18' title="bbox 225 1241 1499 1311; baseline -0.002 -17"><span class='ocrx_word' id='word_1_119' title='bbox 225 1261 350 1294; x_wconf 86' lang='lat' dir='ltr'>vetus</span> <span class='ocrx_word' id='word_1_120' title='bbox 368 1246 609 1309; x_wconf 87' lang='lat' dir='ltr'>provincia</span> <span class='ocrx_word' id='word_1_121' title='bbox 628 1282 642 1305; x_wconf 84' lang='grc'>,</span> <span class='ocrx_word' id='word_1_122' title='bbox 676 1241 802 1311; x_wconf 76' lang='lat' dir='ltr'>quod</span> <span class='ocrx_word' id='word_1_123' title='bbox 818 1241 1068 1302; x_wconf 80' lang='lat' dir='ltr'>Numidia,</span> <span class='ocrx_word' id='word_1_124' title='bbox 1087 1259 1211 1290; x_wconf 88' lang='lat' dir='ltr'>nova</span> <span class='ocrx_word' id='word_1_125' title='bbox 1230 1245 1468 1308; x_wconf 90' lang='lat' dir='ltr'>provincia</span> <span class='ocrx_word' id='word_1_126' title='bbox 1485 1280 1499 1305; x_wconf 83' lang='lat'>‚</span> 
     </span>
     <span class='ocr_line' id='line_1_19' title="bbox 228 1310 557 1362; baseline -0.012 0"><span class='ocrx_word' id='word_1_127' title='bbox 228 1314 269 1362; x_wconf 87' lang='lat' dir='ltr'>ei</span> <span class='ocrx_word' id='word_1_128' title='bbox 303 1310 557 1359; x_wconf 80' lang='lat' dir='ltr'>accesserat.</span> 
     </span>
    </p>

    <p class='ocr_par' dir='ltr' id='par_1_5' title="bbox 223 1372 1509 1970">
     <span class='ocr_line' id='line_1_20' title="bbox 289 1372 1502 1440; baseline -0.002 -15"><span class='ocrx_word' id='word_1_129' title='bbox 289 1376 555 1425; x_wconf 78' lang='lat' dir='ltr'>Murantem</span> <span class='ocrx_word' id='word_1_130' title='bbox 570 1373 787 1434; x_wconf 76' lang='lat' dir='ltr'>mapalia.</span> <span class='ocrx_word' id='word_1_131' title='bbox 799 1372 1033 1435; x_wconf 79' lang='lat' dir='ltr'>Sallust.in</span> <span class='ocrx_word' id='word_1_132' title='bbox 1048 1372 1262 1440; x_wconf 83' lang='lat' dir='ltr'>Jugurth.</span> <span class='ocrx_word' id='word_1_133' title='bbox 1283 1374 1404 1439; x_wconf 87' lang='lat' dir='ltr'>Cap.</span> <span class='ocrx_word' id='word_1_134' title='bbox 1425 1392 1441 1422; x_wconf 87' lang='lat'><strong>1</strong></span> <span class='ocrx_word' id='word_1_135' title='bbox 1455 1378 1502 1423; x_wconf 88' lang='lat'>8.</span> 
     </span>
     <span class='ocr_line' id='line_1_21' title="bbox 223 1438 1503 1508; baseline -0.003 -15"><span class='ocrx_word' id='word_1_136' title='bbox 223 1441 451 1508; x_wconf 70' lang='lat' dir='ltr'>AEdfficia</span> <span class='ocrx_word' id='word_1_137' title='bbox 484 1439 795 1492; x_wconf 79' lang='lat' dir='ltr'>Numidarum</span> <span class='ocrx_word' id='word_1_138' title='bbox 835 1438 1076 1504; x_wconf 77' lang='lat' dir='ltr'>agrestium</span> <span class='ocrx_word' id='word_1_139' title='bbox 1098 1478 1113 1501; x_wconf 89' lang='lat'>‚</span> <span class='ocrx_word' id='word_1_140' title='bbox 1163 1457 1259 1504; x_wconf 80' lang='lat' dir='ltr'>qaae</span> <span class='ocrx_word' id='word_1_141' title='bbox 1299 1439 1503 1501; x_wconf 77' lang='lat' dir='ltr'>mapalia</span> 
     </span>
     <span class='ocr_line' id='line_1_22' title="bbox 226 1504 1504 1572; baseline -0.005 -12"><span class='ocrx_word' id='word_1_142' title='bbox 226 1508 298 1560; x_wconf 80' lang='lat' dir='ltr'>illi</span> <span class='ocrx_word' id='word_1_143' title='bbox 339 1523 508 1559; x_wconf 75' lang='lat' dir='ltr'>vocant</span> <span class='ocrx_word' id='word_1_144' title='bbox 529 1548 542 1569; x_wconf 90' lang='lat'>‚</span> <span class='ocrx_word' id='word_1_145' title='bbox 583 1506 776 1572; x_wconf 81' lang='lat' dir='ltr'>oblonga</span> <span class='ocrx_word' id='word_1_146' title='bbox 801 1544 814 1566; x_wconf 89' lang='lat'><strong><em>,</em></strong></span> <span class='ocrx_word' id='word_1_147' title='bbox 858 1505 1064 1552; x_wconf 76' lang='lat' dir='ltr'>incurvis</span> <span class='ocrx_word' id='word_1_148' title='bbox 1103 1504 1323 1554; x_wconf 75' lang='lat' dir='ltr'>lareribus</span> <span class='ocrx_word' id='word_1_149' title='bbox 1366 1519 1465 1553; x_wconf 76' lang='lat' dir='ltr'>ruta</span> <span class='ocrx_word' id='word_1_150' title='bbox 1487 1544 1504 1567; x_wconf 88' lang='lat'>‚</span> 
     </span>
     <span class='ocr_line' id='line_1_23' title="bbox 226 1569 1508 1641; baseline -0.002 -17"><span class='ocrx_word' id='word_1_151' title='bbox 226 1575 352 1641; x_wconf 67' lang='lat' dir='ltr'>quast</span> <span class='ocrx_word' id='word_1_152' title='bbox 389 1574 577 1623; x_wconf 76' lang='lat' dir='ltr'>navium</span> <span class='ocrx_word' id='word_1_153' title='bbox 612 1572 786 1620; x_wconf 81' lang='lat' dir='ltr'>carinae</span> <span class='ocrx_word' id='word_1_154' title='bbox 819 1571 950 1635; x_wconf 70' lang='lat' dir='ltr'>sunt.</span> <span class='ocrx_word' id='word_1_155' title='bbox 994 1570 1071 1618; x_wconf 88' lang='lat' dir='ltr'>Sic</span> <span class='ocrx_word' id='word_1_156' title='bbox 1112 1571 1260 1620; x_wconf 87' lang='lat' dir='ltr'>adhuc</span> <span class='ocrx_word' id='word_1_157' title='bbox 1300 1569 1508 1622; x_wconf 86' lang='lat' dir='ltr'>habitant</span> 
     </span>
     <span class='ocr_line' id='line_1_24' title="bbox 228 1635 1507 1708; baseline -0.004 -18"><span class='ocrx_word' id='word_1_158' title='bbox 228 1635 408 1690; x_wconf 80' lang='lat' dir='ltr'>barbari</span> <span class='ocrx_word' id='word_1_159' title='bbox 428 1681 441 1702; x_wconf 83' lang='lat'>‚</span> <span class='ocrx_word' id='word_1_160' title='bbox 478 1658 593 1708; x_wconf 88' lang='lat' dir='ltr'>quos</span> <span class='ocrx_word' id='word_1_161' title='bbox 619 1638 811 1686; x_wconf 87' lang='lat' dir='ltr'>dicimus</span> <span class='ocrx_word' id='word_1_162' title='bbox 831 1636 897 1685; x_wconf 82' lang='lat' dir='ltr'>les</span> <span class='ocrx_word' id='word_1_163' title='bbox 918 1635 1151 1688; x_wconf 81' lang='lat' dir='ltr'>Bedoains</span> <span class='ocrx_word' id='word_1_164' title='bbox 1169 1677 1183 1696; x_wconf 82' lang='lat'><strong>‚</strong></span> <span class='ocrx_word' id='word_1_165' title='bbox 1215 1636 1384 1705; x_wconf 90' lang='lat' dir='ltr'>suaque</span> <span class='ocrx_word' id='word_1_166' title='bbox 1402 1655 1507 1685; x_wconf 89' lang='lat' dir='ltr'>ma—</span> 
     </span>
     <span class='ocr_line' id='line_1_25' title="bbox 228 1701 1504 1773; baseline -0.005 -16"><span class='ocrx_word' id='word_1_167' title='bbox 228 1710 354 1773; x_wconf 85' lang='lat' dir='ltr'>palia</span> <span class='ocrx_word' id='word_1_168' title='bbox 373 1708 614 1771; x_wconf 79' lang='lat' dir='ltr'>appellant</span> <span class='ocrx_word' id='word_1_169' title='bbox 631 1704 744 1752; x_wconf 79' lang='lat' dir='ltr'>Beer</span> <span class='ocrx_word' id='word_1_170' title='bbox 765 1703 806 1752; x_wconf 80' lang='lat' dir='ltr'>el</span> <span class='ocrx_word' id='word_1_171' title='bbox 827 1702 937 1749; x_wconf 85' lang='lat' dir='ltr'>slzar</span> <span class='ocrx_word' id='word_1_172' title='bbox 958 1741 974 1763; x_wconf 83' lang='lat'><strong>,</strong></span> <span class='ocrx_word' id='word_1_173' title='bbox 1010 1702 1191 1749; x_wconf 68' lang='lat' dir='ltr'>Gallice</span> <span class='ocrx_word' id='word_1_174' title='bbox 1211 1703 1424 1766; x_wconf 76' lang='lat' dir='ltr'>Maiftms</span> <span class='ocrx_word' id='word_1_175' title='bbox 1449 1701 1504 1751; x_wconf 83' lang='lat' dir='ltr'>de</span> 
     </span>
     <span class='ocr_line' id='line_1_26' title="bbox 225 1769 1506 1840; baseline -0.004 -19"><span class='ocrx_word' id='word_1_176' title='bbox 225 1771 322 1836; x_wconf 75' lang='lat' dir='ltr'>poil</span> <span class='ocrx_word' id='word_1_177' title='bbox 341 1811 355 1835; x_wconf 90' lang='lat'>‚</span> <span class='ocrx_word' id='word_1_178' title='bbox 388 1769 515 1840; x_wconf 78' lang='lat' dir='ltr'>quod</span> <span class='ocrx_word' id='word_1_179' title='bbox 532 1810 545 1832; x_wconf 85' lang='lat'>,</span> <span class='ocrx_word' id='word_1_180' title='bbox 578 1787 626 1819; x_wconf 89' lang='lat' dir='ltr'>ut</span> <span class='ocrx_word' id='word_1_181' title='bbox 652 1770 900 1837; x_wconf 87' lang='lat' dir='ltr'>antiquitus</span> <span class='ocrx_word' id='word_1_182' title='bbox 920 1806 932 1827; x_wconf 89' lang='lat'>‚</span> <span class='ocrx_word' id='word_1_183' title='bbox 966 1785 1127 1815; x_wconf 86' lang='lat' dir='ltr'>eorum</span> <span class='ocrx_word' id='word_1_184' title='bbox 1145 1769 1375 1832; x_wconf 88' lang='lat' dir='ltr'>mapalia,</span> <span class='ocrx_word' id='word_1_185' title='bbox 1411 1784 1506 1816; x_wconf 90' lang='lat' dir='ltr'>ten-</span> 
     </span>
     <span class='ocr_line' id='line_1_27' title="bbox 230 1833 1509 1904; baseline -0.002 -17"><span class='ocrx_word' id='word_1_186' title='bbox 230 1842 404 1888; x_wconf 84' lang='lat' dir='ltr'>toriave</span> <span class='ocrx_word' id='word_1_187' title='bbox 427 1877 439 1899; x_wconf 88' lang='lat'><strong><em>,</em></strong></span> <span class='ocrx_word' id='word_1_188' title='bbox 473 1853 630 1904; x_wconf 82' lang='lat' dir='ltr'>tegant</span> <span class='ocrx_word' id='word_1_189' title='bbox 671 1838 772 1885; x_wconf 83' lang='lat' dir='ltr'>vela</span> <span class='ocrx_word' id='word_1_190' title='bbox 810 1834 923 1895; x_wconf 84' lang='lat' dir='ltr'>jubis</span> <span class='ocrx_word' id='word_1_191' title='bbox 953 1849 1181 1882; x_wconf 84' lang='lat' dir='ltr'>contexta.</span> <span class='ocrx_word' id='word_1_192' title='bbox 1216 1833 1341 1884; x_wconf 88' lang='lat' dir='ltr'>Vide</span> <span class='ocrx_word' id='word_1_193' title='bbox 1361 1834 1509 1884; x_wconf 85' lang='lat' dir='ltr'>erudi-</span> 
     </span>
     <span class='ocr_line' id='line_1_28' title="bbox 231 1900 1306 1970; baseline -0.007 -16"><span class='ocrx_word' id='word_1_194' title='bbox 231 1921 325 1954; x_wconf 88' lang='lat' dir='ltr'>tum</span> <span class='ocrx_word' id='word_1_195' title='bbox 351 1904 508 1965; x_wconf 71' lang='lat' dir='ltr'>Shaws,</span> <span class='ocrx_word' id='word_1_196' title='bbox 530 1904 759 1970; x_wconf 76' lang='lat' dir='ltr'>Voyages.</span> <span class='ocrx_word' id='word_1_197' title='bbox 794 1901 938 1949; x_wconf 89' lang='lat' dir='ltr'>Tom.</span> <span class='ocrx_word' id='word_1_198' title='bbox 963 1900 1018 1958; x_wconf 86' lang='lat' dir='ltr'>I,</span> <span class='ocrx_word' id='word_1_199' title='bbox 1048 1917 1161 1966; x_wconf 79' lang='lat' dir='ltr'>pag.</span> <span class='ocrx_word' id='word_1_200' title='bbox 1197 1907 1306 1962; x_wconf 86' lang='lat'>369.</span> 
     </span>
    </p>

    <p class='ocr_par' dir='ltr' id='par_1_6' title="bbox 229 1964 1512 2294">
     <span class='ocr_line' id='line_1_29' title="bbox 295 1964 1504 2034; baseline -0.004 -16"><span class='ocrx_word' id='word_1_201' title='bbox 295 1970 439 2034; x_wconf 67' lang='lat' dir='ltr'>Blaefi)</span> <span class='ocrx_word' id='word_1_202' title='bbox 477 1969 760 2033; x_wconf 78' lang='lat' dir='ltr'>postremum.</span> <span class='ocrx_word' id='word_1_203' title='bbox 805 1967 1100 2030; x_wconf 85' lang='lat' dir='ltr'>Imperatoris</span> <span class='ocrx_word' id='word_1_204' title='bbox 1141 1983 1315 2012; x_wconf 89' lang='lat' dir='ltr'>nomen</span> <span class='ocrx_word' id='word_1_205' title='bbox 1359 1964 1504 2013; x_wconf 80' lang='lat' dir='ltr'>Blaeso</span> 
     </span>
     <span class='ocr_line' id='line_1_30' title="bbox 229 2027 1506 2102; baseline -0.002 -19"><span class='ocrx_word' id='word_1_206' title='bbox 229 2033 510 2102; x_wconf 65' lang='lat' dir='ltr'>postremum</span> <span class='ocrx_word' id='word_1_207' title='bbox 530 2034 685 2082; x_wconf 88' lang='lat' dir='ltr'>datum</span> <span class='ocrx_word' id='word_1_208' title='bbox 704 2035 780 2081; x_wconf 88' lang='lat' dir='ltr'>est.</span> <span class='ocrx_word' id='word_1_209' title='bbox 795 2030 942 2094; x_wconf 87' lang='lat' dir='ltr'>Quod</span> <span class='ocrx_word' id='word_1_210' title='bbox 959 2027 1272 2079; x_wconf 81' lang='lat' dir='ltr'>observatione</span> <span class='ocrx_word' id='word_1_211' title='bbox 1295 2030 1506 2096; x_wconf 78' lang='lat' dir='ltr'>dignum.</span> 
     </span>
     <span class='ocr_line' id='line_1_31' title="bbox 232 2094 1509 2167; baseline -0.004 -17"><span class='ocrx_word' id='word_1_212' title='bbox 232 2103 309 2151; x_wconf 85' lang='lat' dir='ltr'>Sic</span> <span class='ocrx_word' id='word_1_213' title='bbox 338 2104 461 2149; x_wconf 88' lang='lat' dir='ltr'>enim</span> <span class='ocrx_word' id='word_1_214' title='bbox 492 2100 716 2167; x_wconf 86' lang='lat' dir='ltr'>quidquid</span> <span class='ocrx_word' id='word_1_215' title='bbox 748 2113 843 2147; x_wconf 84' lang='lat' dir='ltr'>erat</span> <span class='ocrx_word' id='word_1_216' title='bbox 880 2095 1057 2144; x_wconf 89' lang='lat' dir='ltr'>decoris</span> <span class='ocrx_word' id='word_1_217' title='bbox 1094 2103 1140 2144; x_wconf 91' lang='lat'>&amp;</span> <span class='ocrx_word' id='word_1_218' title='bbox 1168 2094 1364 2144; x_wconf 79' lang='lat' dir='ltr'>honoris</span> <span class='ocrx_word' id='word_1_219' title='bbox 1384 2099 1432 2144; x_wconf 89' lang='lat' dir='ltr'>in</span> <span class='ocrx_word' id='word_1_220' title='bbox 1461 2096 1509 2146; x_wconf 83' lang='lat' dir='ltr'>se</span> 
     </span>
     <span class='ocr_line' id='line_1_32' title="bbox 234 2163 1512 2230; baseline -0.005 -13"><span class='ocrx_word' id='word_1_221' title='bbox 234 2168 470 2217; x_wconf 87' lang='lat' dir='ltr'>trahebant</span> <span class='ocrx_word' id='word_1_222' title='bbox 488 2167 726 2230; x_wconf 84' lang='lat' dir='ltr'>Principes</span> <span class='ocrx_word' id='word_1_223' title='bbox 746 2204 760 2226; x_wconf 87' lang='lat'>‚</span> <span class='ocrx_word' id='word_1_224' title='bbox 797 2179 845 2212; x_wconf 88' lang='lat' dir='ltr'>ut</span> <span class='ocrx_word' id='word_1_225' title='bbox 862 2164 1022 2210; x_wconf 88' lang='lat' dir='ltr'>veteris</span> <span class='ocrx_word' id='word_1_226' title='bbox 1039 2164 1206 2228; x_wconf 89' lang='lat' dir='ltr'>populi</span> <span class='ocrx_word' id='word_1_227' title='bbox 1239 2179 1390 2211; x_wconf 82' lang='lat' dir='ltr'>mores</span> <span class='ocrx_word' id='word_1_228' title='bbox 1417 2163 1512 2211; x_wconf 75' lang='lat' dir='ltr'>ob-</span> 
     </span>
     <span class='ocr_line' id='line_1_33' title="bbox 232 2226 1157 2294; baseline -0.008 -11"><span class='ocrx_word' id='word_1_229' title='bbox 232 2232 500 2284; x_wconf 87' lang='lat' dir='ltr'>solescerent</span> <span class='ocrx_word' id='word_1_230' title='bbox 524 2271 536 2294; x_wconf 90' lang='lat'>‚</span> <span class='ocrx_word' id='word_1_231' title='bbox 571 2239 616 2280; x_wconf 90' lang='lat'>&amp;</span> <span class='ocrx_word' id='word_1_232' title='bbox 644 2234 825 2282; x_wconf 86' lang='lat' dir='ltr'>virtutes</span> <span class='ocrx_word' id='word_1_233' title='bbox 853 2226 1157 2278; x_wconf 85' lang='lat' dir='ltr'>evilescerent.</span> 
     </span>
    </p>
   </div>
   <div class='ocr_carea' id='block_1_4' title="bbox 192 2356 1511 2630">
    <p class='ocr_par' dir='ltr' id='par_1_7' title="bbox 192 2356 1511 2630">
     <span class='ocr_line' id='line_1_34' title="bbox 297 2356 1507 2425; baseline -0.006 -10"><span class='ocrx_word' id='word_1_234' title='bbox 297 2365 420 2415; x_wconf 83' lang='lat' dir='ltr'>CAP.</span> <span class='ocrx_word' id='word_1_235' title='bbox 441 2364 651 2414; x_wconf 89' lang='lat' dir='ltr'>LXXV.</span> <span class='ocrx_word' id='word_1_236' title='bbox 685 2361 852 2411; x_wconf 75' lang='lat' dir='ltr'>Fratre</span> <span class='ocrx_word' id='word_1_237' title='bbox 883 2358 1037 2424; x_wconf 81' lang='lat' dir='ltr'>Druso</span> <span class='ocrx_word' id='word_1_238' title='bbox 1070 2356 1280 2425; x_wconf 69' lang='lat' dir='ltr'>infignz&#39;S.</span> <span class='ocrx_word' id='word_1_239' title='bbox 1321 2356 1507 2408; x_wconf 74' lang='lat' dir='ltr'>Asinius</span> 
     </span>
     <span class='ocr_line' id='line_1_35' title="bbox 192 2423 1503 2489; baseline -0.007 -7"><span class='ocrx_word' id='word_1_240' title='bbox 192 2464 195 2467; x_wconf 77' lang='lat'><em>,</em></span> <span class='ocrx_word' id='word_1_241' title='bbox 237 2432 482 2482; x_wconf 85' lang='lat' dir='ltr'>Saloninus</span> <span class='ocrx_word' id='word_1_242' title='bbox 501 2430 636 2479; x_wconf 85' lang='lat' dir='ltr'>Drufi</span> <span class='ocrx_word' id='word_1_243' title='bbox 659 2427 843 2478; x_wconf 85' lang='lat' dir='ltr'>Caesaris</span> <span class='ocrx_word' id='word_1_244' title='bbox 862 2425 996 2474; x_wconf 87' lang='lat' dir='ltr'>frater</span> <span class='ocrx_word' id='word_1_245' title='bbox 1026 2441 1120 2473; x_wconf 87' lang='lat' dir='ltr'>erat</span> <span class='ocrx_word' id='word_1_246' title='bbox 1139 2464 1150 2484; x_wconf 89' lang='lat'>,</span> <span class='ocrx_word' id='word_1_247' title='bbox 1182 2440 1231 2472; x_wconf 93' lang='lat' dir='ltr'>ut</span> <span class='ocrx_word' id='word_1_248' title='bbox 1253 2439 1364 2489; x_wconf 85' lang='lat' dir='ltr'>pote</span> <span class='ocrx_word' id='word_1_249' title='bbox 1385 2423 1503 2473; x_wconf 86' lang='lat' dir='ltr'>filius</span> 
     </span>
     <span class='ocr_line' id='line_1_36' title="bbox 238 2490 1504 2564; baseline -0.007 -17"><span class='ocrx_word' id='word_1_250' title='bbox 238 2495 471 2564; x_wconf 86' lang='lat' dir='ltr'>Vipsaniae</span> <span class='ocrx_word' id='word_1_251' title='bbox 510 2496 785 2562; x_wconf 82' lang='lat' dir='ltr'>Agrippinae</span> <span class='ocrx_word' id='word_1_252' title='bbox 805 2533 818 2555; x_wconf 89' lang='lat'>‚</span> <span class='ocrx_word' id='word_1_253' title='bbox 854 2491 990 2541; x_wconf 87' lang='lat' dir='ltr'>Drufi</span> <span class='ocrx_word' id='word_1_254' title='bbox 1024 2493 1176 2540; x_wconf 86' lang='lat' dir='ltr'>matris</span> <span class='ocrx_word' id='word_1_255' title='bbox 1198 2529 1211 2549; x_wconf 92' lang='lat'>‚</span> <span class='ocrx_word' id='word_1_256' title='bbox 1252 2507 1393 2557; x_wconf 86' lang='lat' dir='ltr'>quam</span> <span class='ocrx_word' id='word_1_257' title='bbox 1416 2490 1504 2538; x_wconf 91' lang='lat' dir='ltr'>Ti-</span> 
     </span>
     <span class='ocr_line' id='line_1_37' title="bbox 240 2556 1511 2630; baseline -0.008 -16"><span class='ocrx_word' id='word_1_258' title='bbox 240 2565 403 2615; x_wconf 55' lang='lat' dir='ltr'>berim</span> <span class='ocrx_word' id='word_1_259' title='bbox 419 2565 515 2629; x_wconf 83' lang='lat' dir='ltr'>jam</span> <span class='ocrx_word' id='word_1_260' title='bbox 549 2560 787 2630; x_wconf 86' lang='lat' dir='ltr'>gravidam</span> <span class='ocrx_word' id='word_1_261' title='bbox 824 2557 1064 2608; x_wconf 86' lang='lat' dir='ltr'>dimiserat.</span> <span class='ocrx_word' id='word_1_262' title='bbox 1120 2556 1314 2607; x_wconf 82' lang='lat' dir='ltr'>Tiberio</span> <span class='ocrx_word' id='word_1_263' title='bbox 1352 2571 1511 2615; x_wconf 76' lang='lat' dir='ltr'>autem</span> 
     </span>
    </p>
   </div>
  </div>
 </body>
</html>
