1676 3105
232 116 347 184 356
413 103 500 166 IN
544 111 866 173 LIBRUM
917 137 1340 184 SECUNDUM

290 203 518 256 Tribunal
547 207 851 272 Epidaphnae.
887 217 1093 284 Daphne
1126 221 1384 273 suburbium
1418 225 1505 279 fuit

224 269 284 318 ab
326 273 437 321 urbe
471 276 722 326 Antiochia
757 278 853 329 XL
895 285 1043 334 stadiis
1064 327 1078 348 ,
1108 287 1353 338 Orientem
1378 292 1505 341 Aus-

228 351 441 406 trumque
482 341 634 391 versus
670 383 682 405 ‚
721 346 956 412 diffitum3
993 353 1097 401 luco
1122 394 1135 415 ‚
1178 356 1504 427 Apoilinisque

226 420 282 451 ac
294 403 459 454 Dianae
472 409 761 474 religione‚&
779 415 878 462 vitae
901 416 1073 467 deliciis
1092 421 1499 474 celebratiffimum.

225 468 308 517 Ob
348 472 440 519 loci
482 476 698 522 viciniam
740 477 993 530 Antiochia
1023 522 1035 543 ‚
1087 504 1210 534 nunc
1247 491 1457 539 Antak’ia
1487 530 1502 552 ‚

226 534 526 602 Epidaphnes
549 545 880 607 cognominata
895 549 970 594 est.
984 549 1105 599 Vide
1124 551 1326 601 Plinium
1344 554 1408 617 V>
1427 577 1448 604 2
1462 576 1502 606 1.

225 600 501 652 Tribanalia
517 645 530 663 ‚
565 606 731 669 altofve
749 613 942 660 tumulos
959 653 973 671 ‚
990 614 1037 662 id
1055 618 1117 664 est
1136 634 1259 667 terrae
1278 637 1468 687 aggeres
1486 662 1501 686 ‚

221 685 453 717 memorat
481 671 603 719 idem
633 672 805 724 Plinius
826 676 983 740 XVI,
1011 698 1051 728 1.
1084 683 1152 732 Ita
1173 683 1278 734 sane
1299 687 1500 753 faustum,

222 751 282 782 ne
299 735 348 781 in
372 737 605 801 posterum
626 739 754 788 locus
780 744 860 792 iste
889 746 1149 798 violaretur.

288 798 491 862 ClipeuS.
535 804 633 852 Cur
659 809 885 874 imagines
909 812 995 860 illae
1024 817 1315 881 appellentur
1346 822 1499 889 clypei

223 862 358 914 docet
383 867 554 916 Plinius
585 869 802 935 XXXV,
832 893 875 938 3,⁰
909 877 1069 927 Scutis
1090 921 1105 944 ‚
1144 884 1339 947 qualiter
1375 887 1499 948 apud

220 928 406 995 Trojam
419 950 677 1000 pugnatam
693 976 707 999 ,
731 942 1083 993 continebantur
1099 948 1356 1014 imagines,
1377 952 1499 1003 unde

220 993 275 1044 ἓν*
315 1014 476 1047 nomen
515 999 713 1051 habuere
746 1005 996 1071 clypeorum
1027 1032 1042 1058 .·
1080 1030 1172 1061 non
1203 1030 1253 1063 ut
1285 1021 1498 1084 perversa

211 1066 619 1128 grammaticorum
625 1069 1048 1138 fitbtilitasvoluit,
1074 1095 1100 1126 a
1119 1078 1323 1132 cluendo.
1349 1082 1495 1150 Origo

212 1127 355 1190 plena
395 1132 586 1183 virtutis
609 1175 623 1198 ‚
648 1135 824 1196 faciem
862 1140 990 1191 reddi
1021 1143 1069 1192 in
1087 1145 1220 1211 J'cuto
1252 1149 1494 1216 cajffgzae,

215 1194 292 1260 qui
313 1195 462 1257 faerit
496 1201 598 1264 ustis
632 1201 726 1252 illo.
1489 1251 1492 1254 >

288 1261 493 1313 Cuneam
517 1265 803 1321 Germanici.
825 1271 1014 1341 Equites
1034 1314 1047 1336 ,
1075 1278 1120 1324 in
1152 1278 1306 1343 plures
1325 1298 1498 1333 cuneos

216 1325 343 1376 divisi
368 1368 381 1389 ,
419 1348 616 1381 cuneum
656 1334 925 1388 Germanici
955 1344 1247 1406 appellavere
1269 1384 1282 1406 ‚
1322 1351 1401 1415 qui
1438 1350 1496 1399 de

216 1409 353 1460 gente
365 1395 394 1448 J
398 1399 503 1445 unia
514 1398 545 1451 J
548 1403 760 1449 uniorum
780 1405 883 1452 ante
897 1407 1141 1456 dicebatur.
1156 1411 1232 1458 Sic
1245 1411 1281 1460 J
1283 1416 1491 1464 tiniarum

213 1463 447 1526 explicant
479 1466 687 1535 plerique
722 1471 1010 1536 interpretes.
1050 1475 1166 1523 Sunt
1190 1493 1340 1526 tamen
1367 1484 1443 1548 qui
1464 1500 1492 1534 a

212 1526 447 1588 juventute
469 1549 643 1581 nomen
667 1534 855 1586 ductum
878 1539 1053 1587 volunt.
1082 1540 1229 1591 Penes
1262 1547 1489 1598 eruditum

209 1591 433 1643 lectorem
471 1597 521 1646 fit
553 1597 788 1660 judicium.

284 1658 466 1712 Turmae
499 1664 658 1715 Idibus
687 1668 848 1719 Juliis.
886 1669 1037 1722 Idibus
1055 1673 1186 1728 Juliis
1206 1715 1218 1737 ,
1242 1674 1318 1726 seu
1338 1678 1412 1727 die
1434 1695 1489 1741 ις

209 1723 322 1778 Julii
337 1767 349 1789 ,
373 1746 468 1778 erat
486 1732 755 1784 transveffio
778 1739 1056 1805 equitatiove
1076 1744 1262 1806 publica
1283 1748 1490 1813 equitum

209 1790 533 1845 Romanorum
561 1800 617 1847 ab
646 1802 738 1850 aede
758 1802 969 1853 Honoris
992 1814 1035 1854 δε
1055 1808 1246 1858 Virtutis
1270 1813 1316 1859 in
1342 1812 1495 1877 Capi-

214 1859 394 1911 tolium.
439 1863 696 1914 Institutum
716 1884 764 1916 ut
786 1872 833 1916 in
868 1870 956 1918 hae
977 1872 1170 1922 solemni
1189 1881 1367 1943 pompa
1390 1895 1490 1927 tur-

213 1941 299 1973 mae
326 1929 581 1995 imaginem
602 1930 873 1983 Germanici
896 1935 1203 2004 sequerentur.

276 2054 400 2104 CAP.
420 2057 706 2115 LXXXIV.
741 2065 907 2128 Nupta
929 2067 1100 2135 Dmffi.
1134 2071 1311 2121 Tiberii
1337 2075 1451 2125 fiiio.
1483 2052 1486 2053 f

277 2186 401 2237 CAP.
418 2190 681 2244 LXXXV.
702 2196 841 2257 Apud
856 2199 1012 2248 aediles
1028 2202 1321 2268 vulgaverat.
1341 2206 1483 2256 Visti-

203 2252 269 2300 lia
290 2256 411 2319 apud
440 2258 587 2306 aediles
617 2262 814 2324 professa
845 2265 990 2314 fuerat
1015 2266 1058 2315 se
1089 2270 1245 2334 stupro
1264 2275 1481 2338 quaestum

208 2317 360 2367 facere
401 2324 531 2371 velle.
589 2325 856 2378 Pudendam
897 2331 1016 2380 hanc
1056 2333 1330 2384 feminarum
1371 2339 1481 2386 libi-

208 2384 362 2433 dinem
387 2405 515 2438 notat
531 2390 771 2442 Suetonius
797 2399 846 2444 in
860 2397 1019 2446 Tiber.
1039 2398 1156 2462 Cap.
1182 2417 1257 2464 35.
1274 2402 1478 2454 Feminae

189 2449 380 2516 famosae
404 2493 416 2514 ,
459 2470 508 2503 ut
543 2456 604 2503 ad
634 2460 881 2510 evitandas
912 2463 1060 2530 legum
1087 2483 1255 2527 paenas
1279 2470 1384 2533 jare
1417 2488 1476 2520 ac

202 2515 434 2582 dignitate
479 2525 726 2575 matronali
773 2528 1107 2596 exsolverentur
1138 2572 1154 2598 ,
1201 2533 1486 2591 lenocinium„

195 2583 404 2649 profiteri
436 2602 685 2651 coeperant.

1666 2711 1671 2721 .-
1661 2620 1676 2701 524⁸-
1668 2591 1676 2610 v
