1655 3088
247 160 725 220 ANNALIUM
784 158 1044 221 L1B.1.
1206 171 1298 223 21*

15 256 111 320 eui
129 257 536 342 implacabilius
559 256 892 318 irascebatur
908 306 926 330 ,
945 257 1166 318 silentio
1188 282 1291 322 tra-
1315 272 1517 338 ἓ

22 342 170 404 mifit
191 368 202 401 :
232 341 505 424 fessusque
531 341 777 402 clamore
801 343 1062 401 omnium
1080 391 1097 415 ‚
1130 366 1295 427 expo-
1317 358 1365 397 A.
1387 359 1434 398 U.
1455 359 1537 413 c,

21 425 311 487 stulatione
345 425 690 510 singulorum
713 471 730 498 ,
766 425 921 485 flexit
961 425 1251 509 paullatim
1272 477 1290 501 ‚
1359 434 1471 483 767·

18 522 136 568 'non
180 532 241 570 ut
277 509 545 571 fateretur
579 508 775 592 suscipi
799 533 830 568 a
852 507 906 568 se
939 509 1243 592 imperium
1273 559 1290 583 ,
1354 508 1389 546 J·
1422 510 1477 551 C.

19 592 115 652 sed
138 616 199 653 ut
222 618 426 678 negare
451 603 509 654 &
534 594 717 676 rogari
741 592 1032 653 desineret.
1058 596 1293 655 Constat

18 678 314 738 Haterium
336 726 353 751 ‚
400 678 531 737 cum
568 676 906 760 deprecandi
943 676 1102 737 causa
1138 678 1292 760 pala-

19 760 165 820 tium
206 761 480 822 introisset
508 810 525 834 ,
573 759 1023 841 ambulantisque
1070 761 1294 827 Tiberii

19 867 202 927 genua
250 844 641 906 advolveretur
670 893 686 917 ‚
734 846 905 927 prope
943 869 977 902 a
1016 844 1292 906 militibus

16 926 382 989 interfecitum
399 978 415 1002 ‚
446 930 578 1011 quia
597 929 862 988 Tiberius
883 926 1005 987 casu
1026 976 1043 1000 ‚
1082 952 1152 987 an
1175 953 1292 989 maa

16 1011 180 1071 nibus
203 1021 318 1095 ejus
337 1014 643 1096 impeditus
664 1062 681 1085 ‚
719 1011 1065 1094 prociderat:
1103 1036 1290 1094 neque

15 1115 210 1156 tamen
248 1097 496 1180 periculo
532 1095 656 1156 talis
697 1096 804 1155 viri
846 1095 1133 1179 mitigatus
1172 1100 1290 1170 est,

17 1179 200 1240 donec
233 1181 493 1241 Haterius
527 1180 835 1262 Augustam
874 1200 1057 1239 oraret
1082 1228 1100 1252 ‚
1148 1181 1291 1262 ejus-

15 1286 128 1344 que
156 1265 496 1325 curatissimis
520 1264 775 1348 precibus
797 1284 1202 1346 protegeretur.

104 1349 269 1409 XIV.
287 1350 360 1408 M
377 1372 412 1406 U
434 1371 464 1406 L
482 1371 516 1405 T
535 1368 574 1406 A
593 1368 815 1430 patrum
834 1348 964 1407 &in
979 1347 1291 1430 Augustam

15 1428 279 1491 adulatiO.
303 1431 421 1492 Alii
428 1452 737 1512 parentem,
757 1429 852 1490 alii
867 1452 1093 1498 matrem
1099 1440 1295 1510 patriae

13 1514 409 1597 appellandam
429 1540 445 1594 3
466 1515 717 1599 plerique
736 1536 798 1574 ur
819 1515 1043 1573 nomini
1059 1514 1290 1576 Caesaris

14 1597 416 1660 adscriberetur
447 1647 464 1671 ,
524 1603 670 1661 Julz'ae
700 1602 862 1676 filius
895 1645 913 1670 ,
969 1597 1288 1661 censebant.

14 1680 120 1740 Ille
160 1709 193 1733 cc
216 1682 592 1743 moderandos
620 1679 964 1741 feminarum
990 1681 1230 1742 honores
1247 1714 1281 1737 ω

17 1763 275 1825 dictitans
310 1816 327 1839 ‚
385 1795 419 1818 oc
448 1764 761 1845 eademque
813 1763 867 1823 se
917 1765 1290 1846 temperantia

14 1847 285 1907 »usurum
316 1852 373 1907 in
417 1849 498 1906 his
530 1871 649 1928 quae
683 1846 784 1905 fibi
807 1846 1184 1907 tribuerentur
1205 1879 1239 1902 22
1269 1873 1288 1928 3

16 1932 266 1991 ceterum
291 1932 480 1991 anxius
516 1929 728 1990 invidia
751 1978 768 2003 ‚
817 1939 874 1990 &
898 1930 1175 1992 muliebre
1202 1931 1286 1991 fa·-

14 2016 232 2098 stigium
272 2016 332 2074 in
369 2015 827 2075 deminutionem
860 2013 942 2073 su‘i
970 2015 1085 2087 acci
1126 2016 1245 2076 iens
1267 2034 1291 2090 ,’

14 2120 87 2159 ne
108 2098 365 2160 lietorem
390 2098 626 2182 quidem
651 2099 703 2158 ei
730 2098 959 2157 decerni
977 2039 1152 2181 patriis
1177 2102 1252 2160 est
1274 2125 1285 2160 z

16 2205 280 2264 aramque
303 2183 618 2267 adoptionis
641 2230 659 2254 ‚
682 2190 739 2242 δέ
767 2181 873 2239 alia
896 2182 1285 2263 hujuscemodi

14 2267 317 2351 prohibuit.
349 2265 429 2327 At
452 2266 797 2327 Germanico
825 2264 1028 2324 Caesari
1050 2290 1286 2349 procon-

14 2350 188 2411 sulare
218 2352 522 2434 imperium
548 2351 746 2434 petivit
770 2397 788 2421 ‚
833 2349 1085 2431 miffique
1115 2351 1288 2435 legati

2 2435 114 2517 ‚qui
145 2434 430 2495 deferrent
456 2483 473 2508 ‚
514 2433 676 2493 simul
708 2433 1016 2492 maestitiam
1053 2442 1168 2515 ejus
1206 2436 1283 2502 ob

16 2517 291 2579 excelsum
317 2519 549 2602 Augusti
584 2517 906 2577 solarentur.
958 2519 1280 2593 Quominus

12 2599 173 2681 {dem
199 2625 298 2685 pro
322 2602 508 2669 Druso
542 2601 905 2687 postularetur
927 2648 946 2677 ,
988 2624 1054 2663 ea
1081 2601 1238 2664 causa
1261 2620 1286 2685 ξ’

1383 588 1459 635 14«.
