1655 3088
406 146 877 189 ANNALruM
924 135 1197 204 NorAE.
1318 149 1428 222 383

237 219 520 286 Municipali
536 225 755 274 adultero.
765 228 954 289 Sejanus
969 234 1131 282 dicitur
1144 238 1317 288 adulter
1333 261 1437 292 mu-

172 286 384 353 nicipalis
400 327 415 351 ‚
449 289 576 358 quod
594 294 641 340 in
662 295 918 360 municipio
948 297 1221 351 Vulsiniensi
1241 311 1420 372 genitus
1442 345 1457 360 .

228 414 354 464 CAP.
385 415 473 468 IV.
507 416 736 480 Repezim.
769 426 917 491 Supra
937 428 1112 479 Annal.
1133 433 1226 494 ΙΙΙ,
1259 455 1336 493 29.

226 479 283 529 In
300 480 475 542 fratris
497 483 678 536 liberos.
711 491 767 538 In
794 493 959 542 liberos
990 495 1275 548 Germanici.

229 547 482 611 Angustias
512 551 832 612 imperitatum.
859 559 1018 609 Latius
1043 566 1166 612 enim
1188 568 1436 631 imperium

160 605 238 657 sub
273 611 481 675 Trajano
523 615 737 686 Principe
769 662 782 684 ,
827 623 932 673 crim
973 626 1191 679 scribebat
1229 632 1435 683 Tacitus.

158 674 371 727 Vidimus
400 678 532 746 fiiprzi
550 721 564 743 ‚
598 684 773 736 Annal.
793 689 816 736 I
836 729 848 750 ‚
877 710 906 747 9
928 730 941 752 ‚
974 691 1052 741 sub
1071 695 1282 762 Augusto
1302 698 1430 748 Prin-

159 742 262 807 cipe
292 745 538 808 imperium
570 754 684 799 mari
717 752 915 803 Oceano
934 795 946 817 ,
986 776 1062 807 aut
1083 764 1291 812 amnibus
1317 766 1430 813 lon-

195 810 240 854 in
280 813 345 858 uis
358 850 371 871 ‚
390 811 555 859 Rheno
576 813 744 866 scilicet
756 857 769 879 ,
790 826 833 867 &
853 821 1074 873 Danubio
1091 865 1103 887 ,
1128 834 1171 874 &
1192 827 1427 894 Euphrate

152 823 279 921 {1112
293 873 645 940 septum.Postea
662 900 690 930 a
704 884 902 934 Claudio
920 889 1071 939 addita
1086 894 1149 940 est
1163 894 1426 946 Britannia:

147 935 224 987 sed
244 944 495 990 maximum
512 946 846 998 incrementum
869 956 1068 1004 vistoriis
1087 958 1280 1021 Traiani
1299 966 1427 1027 opti-

151 1005 216 1051 mi
237 1004 460 1072 Principis
481 1012 668 1061 accessit.
692 1013 818 1064 Tum
841 1022 964 1068 enim
982 1025 1226 1088 imperium
1247 1027 1425 1076 Roma-

150 1086 265 1117 num
288 1071 344 1119 ad
371 1091 496 1122 mare
515 1077 700 1127 rubrum
722 1119 734 1141 ,
767 1083 812 1130 la
834 1101 928 1132 mer
948 1086 1026 1136 des
1049 1088 1190 1138 [tides
1207 1129 1219 1151 ,
1240 1096 1388 1157 patuit
1409 1114 1423 1143 :

148 1151 462 1204 propagatum
487 1158 674 1211 quoque
698 1148 760 1194 est
785 1149 899 1198 ultra
931 1152 1144 1203 Rhenum
1179 1163 1223 1205 &
1254 1158 1426 1208 Danu-

150 1201 291 1250 bium.
340 1204 491 1253 Immo
521 1211 635 1258 ultra
661 1211 844 1279 Tigrim
872 1216 970 1266 visae
996 1218 1098 1270 sunt
1131 1224 1294 1288 aquilae
1319 1225 1423 1273 Ro-

147 1284 296 1316 manae
316 1307 328 1328 ‚
355 1272 455 1319 orbi
479 1275 686 1325 universo
705 1280 1004 1333 dominaturae
1017 1325 1030 1347 ,
1054 1287 1084 1335 fi
1105 1289 1258 1348 junior
1275 1290 1422 1343 fuisset

145 1331 392 1395 Trajanus.
411 1337 503 1386 Sed
524 1341 579 1389 de
598 1342 667 1391 his
690 1347 824 1409 plura
849 1349 1051 1401 dicemus
1074 1356 1122 1401 in
1141 1354 1422 1420 Appendice

146 1396 498 1469 Chronologica
518 1407 575 1456 ad
602 1426 778 1459 annum
804 1413 871 1461 U.
892 1415 950 1464 C.
973 1435 1257 1469 Decet-XIX.

216 1529 340 1580 CAP.
363 1532 427 1582 V.
457 1533 652 1602 Utroque
670 1542 802 1592 mari.
826 1543 1076 1611 Tyrrheno
1101 1554 1146 1596 &
1165 1549 1424 1604 Adriatico.

147 1593 285 1644 Mare
319 1597 605 1650 Adriaticum
628 1643 640 1664 ,
669 1623 761 1665 ‚aut
791 1606 1004 1674 superum
1024 1652 1038 1675 ‚
1074 1632 1199 1663 nunc
1231 1616 1272 1665 le
1299 1620 1423 1684 goffe

148 1659 203 1708 de
223 1664 400 1727 Venifh.
423 1665 556 1716 Mare
578 1669 876 1738 Tyrrhenum
892 1716 905 1738 ‚
938 1696 1016 1729 aut
1037 1679 1235 1729 inferum
1252 1721 1266 1744 ,
1291 1701 1419 1736 nune

140 1723 191 1774 Ia
223 1744 315 1776 mer
345 1728 398 1778 de
425 1731 641 1796 Toftane.

211 1791 436 1857 Miftnum
459 1799 578 1858 apud
602 1801 652 1849 [7¹
671 1803 962 1854 Ravennam.
981 1807 1211 1862 Misenum
1232 1818 1280 1864 in
1300 1821 1417 1868 mari

139 1856 390 1923 Tyrrheno
422 1863 478 1910 ad
503 1874 879 1929 promontorium
911 1872 1139 1928 Misenum
1159 1920 1172 1941 ‚
1209 1881 1337 1943 Capo
1367 1885 1418 1934 di

140 1922 339 1985 Miseno.
364 1928 586 1979 Ravenna
605 1971 618 1993 ,
650 1935 874 1986 Ravenne
895 1977 909 1998 ‚
944 1941 994 1987 in
1023 1948 1138 1993 mari
1160 1947 1414 1999 Adriatico.

137 1988 432 2041 Misenatium
469 1997 607 2046 claffis
640 1998 994 2054 Occidentalem
1024 2010 1206 2075 imperii
1235 2032 1418 2079 partem

137 2055 435 2123 praefidebat3
476 2061 812 2116 Ravennatium
841 2070 949 2118 veto
969 2111 982 2133 ‚
1008 2073 1314 2129 Orientalem.

206 2121 398 2174 Galliae.
437 2125 767 2180 Narbonensis.
938 2180 940 2182 ,
1057 2138 1061 2140 “

208 2185 434 2248 Oppidum
466 2192 784 2262 forojuliense.
822 2199 965 2250 Nunc
989 2202 1169 2268 Frdjus.

204 2252 477 2315 Acceperat.
509 2259 630 2312 Juba
658 2265 812 2327 junior
836 2305 848 2327 ‚
886 2266 1071 2318 senioris
1102 2269 1233 2323 Jubae
1260 2274 1403 2340 filius‚·

136 2316 412 2435 tJVJIai(1:r·orum
451 2343 647 2392 regnum
683 2331 740 2379 ab
777 2332 988 2401 Augusto
1018 2353 1256 2406 acceperat
1281 2362 1408 2396 anno

193 2419 206 2432 .
275 2422 287 2435 .
316 2406 578 2441 Dccxxw.

201 2450 351 2503 Ibero.
390 2457 536 2506 Iberia
561 2497 574 2518 ‚
609 2478 733 2510 nunc
766 2462 812 2510 Ia
844 2463 1057 2531 Ge'orgie.

199 2517 405 2574 Albam.
440 2522 670 2591 Albania,
703 2546 829 2580 nunc
856 2530 898 2581 le
921 2531 1148 2591 Shirvan·
