1655 3088
248 124 713 189 ANNALIUM
772 124 1033 187 L1n.1.
1212 130 1292 208 '25⁴

26 227 443 291 incitamentis:
492 224 552 282 hi
606 222 906 283 verberum
955 245 1114 283 notas
1141 273 1157 297 ,
1206 228 1510 286 illi&

27 312 290 373 canitiem
331 357 347 382 ,
401 306 630 391 plurimi
674 306 879 366 detrita
933 309 1186 389 tegmina
1233 320 1290 370 δε
1318 297 1512 339 Αϋε·

25 395 241 456 nudum
263 415 458 474 corpus
487 390 894 474 exprobrantes·
920 392 1202 449 Postremo
1225 396 1290 451 eo
1354 371 1470 483 36}-

25 476 222 538 furoris
246 497 448 536 venere
478 523 494 547 ,
531 495 592 533 ut
629 495 736 533 tres
772 473 1021 555 legiones
1059 473 1289 536 miscere
1378 469 1474 566 14⁵⁶

24 561 84 620 in
101 583 271 620 unam
291 559 622 642 agitaverint
642 582 654 615 z
675 556 885 639 depulsi
904 557 1260 618 aemulatione
1275 607 1293 632 ,

24 645 155 726 quia
191 642 292 702 suae
334 640 565 724 quisque
607 640 820 723 legioni
852 664 984 700 eum
1012 642 1295 701 honorem

23 726 373 809 quaerebant,
414 726 523 785 alio
543 745 765 784 vertunt
788 772 804 795 ,
836 745 1001 804 atque
1036 725 1144 784 una
1185 746 1298 785 tres

23 809 233 891 aquilas
267 818 324 869 δε
347 808 497 891 signa
523 808 843 866 cohortium
869 807 1056 867 locant
1084 833 1096 865 :
1130 808 1295 869 simul

25 914 333 976 congerunt
371 891 597 974 cespites
623 939 639 963 ,
680 893 958 950 exstruunt
999 892 1242 951 tribunal
1276 916 1302 966 ‚*

23 979 136 1058 quo
168 977 345 1058 magis
372 974 664 1058 conspicua
689 972 843 1034 sedes
871 973 1033 1035 foret.
1086 979 1297 1059 Prope-

21 1060 270 1119 rantibus
300 1058 494 1118 Blaesus
522 1059 749 1118 advenit
776 1082 792 1135 3
819 1058 1253 1142 increpabatque
1274 1109 1296 1132 ‚

22 1167 85 1202 ac
115 1143 390 1202 retinebat
418 1141 657 1224 singulos
681 1190 697 1213 ,
732 1141 1023 1202 clamitans
1049 1169 1061 1202 :
1094 1169 1126 1192 <t
1152 1144 1295 1202 Mea

23 1226 250 1309 nopotius
298 1226 443 1285 ccede
490 1225 729 1284 imbuite
777 1248 973 1285 manus
1015 1251 1026 1285 :
1080 1226 1295 1312 leviore

21 1310 277 1392 :aflagitio
306 1309 554 1391 legatum
601 1308 944 1368 interficietis
966 1359 982 1382 ,
1025 1310 1196 1390 quam
1222 1310 1293 1369 ab

21 1393 401 1475 „imperatore
467 1390 778 1452 desciscitis,
831 1391 950 1451 Aut
991 1392 1296 1452 incolumis

21 1475 239 1535 aefidem
263 1475 553 1559 legionum
589 1474 846 1536 retinebo
863 1524 879 1548 ‚
903 1496 996 1536 aut
1011 1475 1293 1560 jugulatus

20 1561 446 1643 aopaenitentiam
475 1558 805 1619 adcelerabo
827 1589 885 1619 α).

109 1645 272 1703 ΧΙΧ.
300 1641 354 1701 Α
371 1667 403 1700 G
423 1667 455 1700 G
476 1667 503 1701 E
526 1665 610 1700 RE
628 1666 658 1700 B
677 1663 717 1700 A
735 1667 768 1700 T
788 1666 824 1700 U
847 1665 889 1700 R
919 1642 1291 1703 nihilominus

20 1725 205 1810 cespes
221 1775 237 1799 ,
257 1734 484 1808 jamque
509 1726 720 1808 pectori
740 1724 912 1806 usque
936 1724 1256 1786 adcreverat
1269 1756 1296 1799 ‚·

21 1810 151 1869 cum
190 1810 421 1869 tandem
461 1806 765 1891 pervicacia
804 1808 936 1866 νίἂί
975 1809 1289 1892 incoeptum

21 1891 276 1953 omisere.
344 1891 539 1951 Blaesus
600 1889 779 1950 multa
839 1889 1067 1950 dicendi
1125 1913 1239 1953 arte
1268 1924 1296 1968 ,-

19 1999 63 2034 1oe
75 1977 206 2036 Non
232 1997 327 2057 per
350 1970 687 2034 seditionem
713 1984 772 2035 δε
799 1975 984 2033 turbas
1017 1974 1289 2042 desideria

21 2058 316 2118 »militum
357 2058 429 2117 ad
465 2057 741 2118 Caesarem
782 2056 1014 2117 ferenda
1038 2086 1087 2114 ,γ
1118 2108 1135 2132 ,
1172 2060 1287 2119 ait:

21 2164 249 2223 »neque
270 2163 481 2203 veteres
505 2141 573 2201 ab
615 2140 1044 2226 imperatoribus
1065 2141 1286 2225 priscis,

22 2248 248 2307 »neque
290 2224 431 2309 ipsos
467 2251 498 2286 a
534 2225 666 2285 divo
712 2225 962 2308 Augusto
994 2245 1111 2284 tam
1138 2251 1288 2288 nova

17 2305 354 2393 aperiviffe:
403 2319 460 2370 δε
494 2332 689 2393 parum
729 2310 788 2368 in
847 2330 1101 2391 tempore
1140 2311 1295 2370 inci-'

23 2393 278 2477 „pientes
314 2394 580 2476 Principis
620 2415 773 2452 curas
830 2394 1065 2454 onerari.
1115 2395 1171 2453 Si
1208 2415 1288 2454 ta-

24 2499 201 2536 mmen
245 2477 541 2539 tenderent
599 2477 658 2536 in
692 2500 825 2560 pace
874 2497 1126 2551 tentare,
1165 2502 1286 2560 quae

22 2581 140 2622 mne
156 2558 416 2626 civilium
465 2560 702 2647 quidem
736 2560 1017 2627 bellorum
1052 2563 1293 2626 victores

0 2698 4 2828 ‚
1000 2647 1050 2708 Β

4 2985 6 2992 r

4 3001 6 3013 b
