1703 3083
405 95 684 210 PRAE
714 91 859 164 FA
898 95 1115 166 Tm,-
1267 97 1373 195 liij

95 209 357 307 explevi
409 234 431 291 ς
517 216 587 277 δε
631 258 653 295 ,
731 231 816 275 ne
888 207 1044 296 quid
1125 209 1364 281 deeffet

93 307 357 376 utilitati
411 301 686 399 publicae
723 353 747 390 9
829 301 1358 372 adnotationibus

91 400 418 473 illustravi.

188 495 369 562 HAEc
437 499 588 562 cum
645 490 1054 586 praeflitiffern
1101 541 1124 577 9
1202 481 1366 558 nihil

90 584 419 680 reliquum
478 590 638 656 mihi
703 587 906 654 visum
945 637 967 672 9
1036 582 1229 676 quam
1291 609 1366 654 ut:

88 687 318 755 miram
370 686 438 751 in
494 680 738 750 Tacito
795 704 1007 748 rerum
1065 678 1363 750 civilium

26 784 30 786 ’
93 778 504 874 prudentiam
527 829 547 864 9
589 772 890 844 omnibus
925 771 1317 842 celebratam
1341 826 1363 860 9

92 898 221 942 nec
250 897 561 963 umquam
593 871 734 938 satis
766 867 1170 964 praedicatam
1194 919 1218 955 9
1250 868 1363 937 sub

93 991 230 1036 uno
275 969 448 1058 quasi
495 967 734 1033 intuitu
785 963 1310 1056 conspiciendam
1341 1015 1367 1049 9

94 1068 167 1131 ὄζ
217 1061 500 1155 politicae
549 1057 825 1129 scientiae
875 1058 1125 1152 cupidis
1172 1056 1367 1125 facile

96 1154 449 1251 parabilem
499 1172 953 1249 proponerem.
1037 1152 1244 1242 Quod
1293 1174 1367 1219 ut

93 1250 473 1340 adsequerer
518 1302 540 1335 9
619 1251 841 1317 Taciti
901 1245 1172 1340 politica
1230 1272 1365 1313 non

94 1344 300 1413 modo
342 1342 588 1435 collegi
614 1395 636 1430 9
685 1341 792 1410 sed
838 1349 905 1409 &t
950 1365 1029 1408 ex
1073 1343 1146 1407 iis
1192 1340 1364 1433 poli—

15 1520 18 1521 7
92 1441 300 1508 ticum
348 1437 678 1530 quoddam
727 1462 962 1529 corpus
1018 1436 1303 1503 confiavi
1338 1488 1362 1522 9

92 1533 275 1627 quod
325 1557 464 1626 quae
507 1536 574 1598 in
618 1530 892 1625 publicae
941 1532 1034 1598 rei
1084 1532 1364 1620 vitaeque

94 1627 463 1697 communis
499 1627 609 1693 usu
650 1627 967 1718 praecipua
1002 1624 1144 1690 sunt
1175 1649 1363 1691 com-

91 1720 503 1817 plecieretur.
533 1721 619 1788 Iis
646 1719 930 1787 imbutus
964 1719 1209 1784 animus
1243 1716 1364 1785 alia

92 1814 373 1910 plurima
398 1822 465 1883 &
499 1813 974 1906 exquisitissima
994 1864 1015 1899 9
1051 1811 1369 1879 Tacitum

91 1906 480 2002 relegendo9
508 1909 798 2001 deteget9
828 1906 1085 1999 quibus,
1117 1928 1189 1973 ut
1216 1907 1363 1993 suiS,

93 2027 222 2073 nec
250 2029 285 2070 a
307 2028 413 2072 me
436 2005 796 2071 monstratis
823 2055 845 2089 9
890 2003 1126 2092 gratius
1155 2000 1366 2068 adhuc

94 2096 445 2188 utiliusque
469 2098 850 2191 perfruetur.
898 2096 995 2163 Ea
1017 2094 1364 2162 sunt‘addi-

91 2213 383 2261 tamenta
405 2242 425 2279 9
471 2218 608 2283 quae
637 2190 904 2260 alteram
930 2192 1096 2258 hanc
1125 2189 1364 2258 editio-

96 2310 274 2373 nem9
297 2283 475 2354 mole
492 2288 810 2355 minorem
831 2338 851 2373 9
875 2283 1056 2376 quod
1073 2283 1364 2375 quaedam.

102 2381 323 2450 omiffa
352 2381 495 2448 sunt
522 2431 544 2468 9
596 2407 735 2472 quae
761 2382 804 2447 si
832 2382 971 2470 quis
1006 2378 1315 2447 desiderat
1340 2430 1371 2465 9

99 2474 292 2576 facile
337 2498 418 2545 ex
465 2479 680 2574 priore
729 2474 1020 2545 editione
1067 2496 1317 2565 repetet
1344 2522 1369 2560 9

1051 2594 1090 2637 α
1137 2592 1209 2662 ῖς]
