1703 3083
224 170 584 235 vrrmun
631 152 1145 221 SCRIPTORUM.
1234 147 1391 207 lxxxv

110 282 282 340 r'parva
327 265 486 335 gratia
517 301 533 324 ‚
579 259 674 312 nifi
715 252 1021 321 eloquentia
1059 251 1123 300 est
1159 249 1391 299 summa:

124 337 335 391 historia
361 346 579 398 quoquo
602 326 767 377 modo
790 320 971 384 scripta
993 316 1227 365 deleciat.
1264 318 1394 365 Sunn-

126 404 276 457 enim
301 399 543 451 homines
568 390 753 443 natura
776 382 962 439 curiofi
978 421 993 444 ‚
1025 381 1083 432 ὃς
1107 378 1396 443 quamlibet

127 467 270 522 nuda
307 480 479 517 rerum
516 457 826 525 cognitione
865 449 1172 514 capiuntur,
1214 457 1270 494 ut
1305 443 1397 508 qui,

127 530 465 589 sermunculis
500 526 655 579 etiam
681 518 988 582 fabellisque
1009 513 1278 562 ducantur.
1311 511 1398 559 Me

127 603 258 654 vero
296 598 360 649 ad
395 597 498 646 hoc
532 590 755 644 studium
797 580 1022 650 impellit
1059 573 1399 626 domesticum

129 682 347 734 quoque
370 661 686 725 exem-plum·
721 648 1023 705 Avunculus
1042 659 1211 717 mem,
1239 639 1401 690 idem-

84 757 90 761 ·
129 750 234 800 que
282 748 372 797 per
413 725 760 792 adoptionem
808 730 989 784 pater,
1032 707 1264 760 historias
1289 745 1304 768 ‚
1345 707 1402 758 ὃς

131 798 351 867 quidem
372 791 740 860 religiosissime
761 780 967 848 scripsit.
983 773 1209 828 Invenio
1229 785 1403 823 autem

130 865 269 930 apud
298 861 552 928 sapientes
577 851 981 907 honestiffimum
1018 841 1113 915 effe
1148 838 1406 902 majorum

130 928 346 995 vestigia
381 924 561 990 sequi,
600 921 637 974 fi
671 918 835 971 modo
875 916 1014 964 reGro
1054 907 1241 959 itmere
1274 922 1407 970 prae-

131 994 393 1049 cesserint.
434 994 541 1042 Cur
570 1004 693 1054 ergo
724 980 973 1036 cunctor?
1007 973 1102 1039 Egi
1121 987 1328 1036 magnas
1349 969 1408 1022 ὅτ

88 1110 98 1113 ,γ
130 1078 316 1129 vgraves
347 1058 533 1112 causas.
575 1056 680 1106 Has
714 1043 947 1112 <etiamsi
982 1039 1112 1093 mihi
1144 1036 1315 1089 tenuis
1345 1052 1409 1087 ex

135 1129 210 1180 eis
243 1126 383 1193 spes)
431 1121 628 1175 destino
666 1118 933 1169 retractare
959 1149 974 1172 ‚
1011 1124 1080 1158 ne
1113 1116 1284 1157 tantus
1317 1100 1409 1152 ille

137 1195 292 1252 labor
315 1209 457 1245 meus
484 1230 499 1251 ,
531 1186 626 1239 nisi
656 1185 758 1236 hoc
779 1222 793 1245 ,
837 1176 983 1246 quod
1015 1172 1277 1238 reliquum
1311 1168 1411 1229 est,

137 1258 290 1311 studii
326 1256 580 1309 addidero
601 1287 624 1315 ³
659 1265 866 1301 mecum
896 1241 1084 1310 pariter
1114 1234 1413 1288 intercidat,

137 1327 282 1377 Nam
308 1324 343 1375 fi
371 1322 632 1373 rationem
662 1309 968 1382 posteritatis
999 1306 1188 1357 habeas
1211 1342 1226 1364 ‚
1262 1300 1412 1367 quid-

137 1391 273 1458 quid
307 1406 419 1441 non
453 1388 520 1439 est
550 1387 842 1452 peractum,
879 1392 975 1442 pro
1009 1389 1121 1423 non
1158 1367 1414 1419 inchoato

138 1458 226 1509 est.
249 1455 403 1507 Dices
420 1493 434 1515 ‚
452 1456 603 1505 Potes
621 1448 770 1500 fimul
786 1447 842 1498 ὅτ
856 1439 1134 1493 rescribere
1155 1433 1382 1486 afflones
1396 1445 1418 1496 ,·

119 1547 124 1550 ·
145 1525 202 1577 δί
217 1537 539 1587 componere
555 1514 835 1568 historiam.
855 1503 1095 1560 Utinam!
1117 1502 1202 1554 sed
1220 1513 1417 1551 utrum-

141 1607 249 1657 que
271 1602 380 1640 tam
402 1600 650 1651 magnum
675 1582 772 1637 est,
808 1589 864 1630 ut
885 1571 1092 1626 abunde
1115 1568 1175 1619 stt
1198 1566 1419 1617 alterum

142 1656 363 1707 efficere.
398 1647 801 1704 Undevicefimo
821 1639 982 1693 aetatis
1006 1652 1146 1688 anno
1169 1632 1340 1684 dicere
1359 1631 1422 1682 in

144 1721 266 1773 foro
298 1718 474 1784 coepi,
512 1718 570 1770 ὃς
608 1731 749 1765 nunc
781 1712 993 1761 demum
1029 1700 1158 1768 quid
1195 1697 1421 1764 praestare
1479 1702 1482 1706 ’

147 1789 340 1838 debeat
363 1797 542 1837 orator
566 1821 581 1843 ‚
615 1779 782 1832 adhuc
815 1788 992 1826 tamen
1019 1783 1119 1834 per*
1140 1763 1423 1830 caliginem

148 1853 329 1905 vide0.
369 1850 514 1913 Quid
534 1847 569 1898 fi
589 1847 710 1897 huic
737 1839 887 1894 oneri
910 1851 1113 1888 novum
1132 1828 1424 1882 accesserit?

146 1920 360 1972 Habent
405 1914 620 1981 quidem
666 1908 836 1963 oratio
887 1905 944 1956 &
993 1897 1212 1949 historia
1259 1895 1427 1946 multa

149 1982 457 2038 communia
481 2021 496 2044 ,
543 1979 630 2030 sed
662 1978 810 2043 plura
841 1967 1041 2022 diversa
1072 1965 1130 2015 in
1161 1962 1239 2012 his
1273 1960 1387 2026 ipsis
1411 1999 1430 2022 ,

107 2081 110 2084 ·
150 2070 265 2118 quae
297 2047 603 2101 communia
631 2044 895 2095 videntur.
941 2036 1131 2091 Narrat
1160 2029 1280 2080 sane
1309 2027 1432 2090 illa;

153 2129 327 2170 narrat
357 2114 464 2165 haec
486 2153 500 2175 ‚
539 2112 625 2163 sed
660 2110 827 2162 aliter.
879 2102 1019 2152 Huic
1055 2098 1299 2163 pleraque
1332 2093 1432 2143 hu-

127 2182 304 2254 ‚milia
332 2181 389 2233 ὃς
427 2178 670 2241 sordida,
708 2175 766 2227 ὅ(
799 2189 863 2223 ex
897 2164 1075 2218 medio
1112 2162 1309 2229 petita;
1353 2157 1434 2209 illi

158 2247 342 2302 omnia
375 2244 652 2298 recondita
679 2282 692 2305 ‚
730 2234 1000 2305 splendida
1023 2271 1037 2293 ‚
1076 2228 1274 2281 excelsa
1303 2241 1436 2277 con-

159 2314 400 2367 veniunt.
434 2314 584 2363 Hanc
608 2307 782 2374 saepius
807 2304 944 2376 osi-‘213
969 2295 1215 2356 musculi,
1248 2291 1398 2345 nervi
1420 2309 1437 2355 ;

162 2583 353 2666 Plfffet·
418 2591 678 2651 Postremo
719 2590 821 2641 alia
854 2587 1014 2638 verba
1034 2622 1047 2641 ‚
1087 2584 1215 2633 alius
1246 2583 1434 2639 sonus,

163 2654 278 2734 aha„
297 2659 628 2720 construffio·
669 2660 809 2712 Nam
837 2653 1123 2722 plurimum
1151 2649 1349 2716 refert,
1381 2657 1443 2707 ut
