1703 3083
413 134 886 210 PRAEFA
932 135 1171 205 TIO.
1327 142 1437 211 ‘xv

155 254 544 339 extricavit,
596 248 862 318 Claudii
910 246 1432 319 imbecillitatem

158 346 715 446 pudendamaefecit
740 397 760 431 ,
802 343 1094 412 Neronis
1128 340 1434 414 libidines

157 445 494 513 infamavit
525 467 543 522 3
582 440 727 508 sane
753 437 1054 507 adversus
1082 437 1230 505 Caii
1254 437 1436 505 furo-2

159 564 257 609 res
285 537 464 629 aeque
493 535 834 604 animosus,
894 536 986 602 At
1013 587 1034 621 ,
1073 556 1148 601 ut
1178 535 1248 598 in
1281 532 1433 600 His-

160 636 347 703 toriis
366 685 387 719 ,
415 635 503 700 ita
528 639 596 700 ὃς
619 633 687 697 in
701 627 1065 697 Annalibus
1091 626 1298 695 multa
1325 625 1439 694 ab-

159 729 420 822 sumpsit
467 751 672 796 vorax
714 747 1086 819 temporum
1131 722 1439 794 edacitas,

257 824 363 891 EA
414 833 563 891 cum
622 842 1054 916 componeret
1089 870 1109 905 ‚
1159 820 1439 910 Augusti

159 916 454 988 'Annales
473 917 820 986 meditatus
842 918 930 984 est
951 922 991 980 ¹:
1016 914 1443 1006 magnificum

163 1014 570 1107 dignumque
627 1013 872 1081 Tacito
933 1031 1391 1103 argumentum
1419 1032 1442 1089 ;

166 1112 277 1202 qui
319 1108 689 1203 reipublicae
735 1110 934 1176 finem
962 1157 985 1195 ,
1041 1128 1258 1172 ortum
1308 1106 1440 1171 im-

162 1205 327 1298 perii
353 1255 375 1290 ,
417 1204 633 1271 versos
663 1226 878 1271 mores
907 1252 928 1287 ‚
983 1223 1304 1269 tantarum
1338 1223 1443 1268 re·

164 1323 306 1366 rum
341 1298 554 1366 causas
589 1349 608 1384 ‚
660 1298 1027 1389 Augustum
1060 1297 1137 1362 iis
1175 1293 1445 1385 quidem

163 1393 510 1462 movendis
529 1395 865 1486 imparem,
886 1390 996 1460 sed
1014 1389 1214 1459 semel
1231 1412 1443 1458 motas

163 1487 532 1557 sustinendo
595 1486 882 1556 habilem
933 1539 955 1574 ,
1031 1483 1443 1580 plurimaque

163 1607 299 1653 arte
348 1583 689 1678 publicum
741 1584 1072 1652 servitium
1124 1580 1443 1650 libertatis

164 1679 378 1774 specie
419 1676 806 1746 molientem
848 1676 1258 1770 expreffiffet.

259 1775 451 1841 PosT
480 1796 584 1841 tot
611 1770 867 1841 labores
897 1822 915 1849 ,
976 1769 1303 1839 tradendis
1337 1769 1447 1837 [ιι-4

164 1870 436 1964 perioris
458 1870 577 1936 aevi
595 1865 786 1936 rebus
808 1865 1129 1962 impensos
1144 1920 1165 1954 ,
1191 1887 1446 1934 aetatem

131 1966 339 2051 xsuam
394 1986 530 2032 erat
582 1965 971 2057 repetiturus
995 2013 1017 2057 ‚
1063 1985 1137 2033 ut
1167 1987 1343 2045 nova>
1374 1969 1445 2031 &

165 2060 496 2155 praesentia
524 2058 701 2126 bona
734 2059 1073 2127 aeternitati
1107 2057 1449 2126 consecra-

167 2179 313 2243 ret,
365 2180 440 2223 ac
466 2208 488 2243 ,
540 2180 659 2249 pro
715 2153 888 2223 virili
933 2155 1239 2248 portione
1269 2206 1290 2240 ‚
1341 2153 1446 2222 se-

168 2253 511 2343 quentium
531 2251 910 2345 Principum
939 2247 1237 2318 aemulatu
1273 2273 1444 2316 con-

168 2349 469 2416 tinuaret.
562 2347 790 2415 Nerva
846 2348 1018 2415 enim
1074 2344 1282 2413 Caesar
1342 2367 1445 2412 res

173 2442 334 2512 olim
367 2440 794 2512 diffociabiles
826 2442 1166 2512 miscuerat
1187 2494 1209 2532 ,
1261 2440 1445 2536 prin-s

243 2568 259 2592 ¹
295 2563 448 2616 Tacit.
479 2565 654 2616 Annal.
671 2566 740 2616 111
759 2604 774 2629 ‚
807 2585 885 2628 24.
