1703 3083
404 115 874 187 PRAEFA
918 117 1152 186 Tro.
1311 121 1421 214 χι]

151 232 575 300 'LEIBNITIUS
605 281 626 316 ,
681 236 748 298 ὃ(
787 227 893 295 alii
929 253 1093 317 quos
1132 253 1249 320 pro
1286 229 1421 298 loci
1491 304 1494 309 ,

161 327 649 418 opportunitate
703 325 770 391 ὃς
816 319 1098 390 utilitate
1145 320 1424 391 libenter

161 418 468 509 ultroque
502 415 923 485 laudabimus.

250 513 519 581 VERUM
577 523 728 580 cum
784 514 994 579 minus
1055 509 1377 604 voluptati
1403 563 1426 597 ‚

161 603 356 698 quam
381 606 646 675 utilitati
671 604 945 700 publicae
970 656 991 691 ,
1032 605 1275 698 scriptis
1304 605 1428 672 suis

161 699 526 769 consultum
570 701 855 770 voluerit
887 700 1160 767 Tacitus
1191 751 1212 785 ‚
1269 723 1430 790 gens

160 796 363 864 ferme
398 793 572 864 nulla
615 798 704 864 est
728 846 749 881 ,
801 821 941 885 quae
984 818 1133 862 eum
1172 794 1430 885 indige-

164 915 313 957 nam
349 915 422 958 ac
449 888 831 984 popularem
861 887 1101 956 habere
1135 914 1269 956 non
1298 914 1428 955 vo-

163 983 377 1053 luerit.
459 987 542 1052 In
596 987 717 1053 hac
772 981 950 1052 tanta
1004 985 1433 1076 interpretum

165 1077 587 1147 multitudine
627 1132 648 1167 ,
714 1080 1036 1172 principes
1104 1075 1431 1171 appellare

165 1171 364 1262 juvat.
425 1175 632 1241 Suum
663 1172 905 1241 habent
936 1173 1249 1241 Germani
1282 1171 1431 1238 MI—

171 1290 395 1336 CYLLU
411 1291 460 1334 M
481 1320 502 1354 ,
524 1268 705 1335 suum
725 1268 954 1334 Batavi
977 1267 1387 1334 HOOFDIUM
1407 1290 1434 1352 ,‘

168 1360 519 1454 gentilibus
546 1360 876 1455 probatos·
903 1362 1085 1429 Inter
1107 1361 1435 1453 Hispanos

170 1457 253 1525 de
292 1459 656 1550 principatu
696 1480 824 1526 tres
870 1477 1121 1526 certant
1161 1456 1435 1523 Emma-

141 1550 324 1634 nuel
348 1553 638 1619 SUEYRo
662 1602 683 1638 ,
722 1548 1065 1620 Balthazar
1089 1549 1440 1635 ALAM033

173 1653 242 1714 δί
275 1644 551 1713 Carolus
583 1646 900 1713 COLOMA
927 1679 948 1730 ,-
1003 1641 1234 1734 quibus
1263 1642 1439 1710 haud

173 1763 305 1809 tam
331 1739 665 1833 splendor,
707 1737 900 1829 quam
929 1737 1211 1805 brevitas
1246 1736 1441 1808 deest..

172 1833 397 1902 Plures
414 1832 658 1902 habent
674 1830 825 1901 Itali
846 1883 867 1919 ,
896 1856 1061 1923 quos
1088 1833 1257 1899 inter
1280 1830 1443 1898 emi-

176 1950 337 1998 nent
392 1928 722 2020 Georgius
772 1927 969 1994 DATI
1002 1977 1025 2014 ,
1080 1924 1451 1994 Bernardus

174 2024 610 2092 DAVANZATI
637 2074 657 2109 ,
707 2028 773 2089 &
806 2020 1129 2088 Adrianus
1164 2021 1445 2090 Pomm..

177 2115 469 2185 Palmam
511 2113 813 2206 singulari
853 2113 1185 2184 brevitatis
1226 2113 1446 2184 felici-

176 2233 310 2281 tate
331 2209 1126 2304 praeripuitDAVANZAa-“L
1146 2209 1448 2279 Laudem

179 2310 348 2376 inter
374 2305 718 2372 Britannos
747 2301 861 2371 fibi
893 2326 1278 2398 pepererant
1309 2305 1444 2371 Ri-

183 2398 454 2472 chardus
524 2399 926 2465 GRENEWEY
997 2405 1065 2467 &
1117 2398 1448 2467 Henricus

185 2495 438 2568 ‚SAVILE
473 2520 486 2563 z
531 2517 675 2563 eam
714 2494 783 2563 in
818 2491 882 2563 se
926 2495 1119 2563 traxit
1150 2493 1446 2574 Thomas
