1655 3088
394 160 856 206 'ANNAMUM
911 143 1181 202 NoTAE.
1303 152 1424 221 365·

218 240 511 310 'Quaesturam
532 258 717 305 peteret.
751 241 988 305 Quaestura
1014 242 1118 306 post
1144 258 1317 289 annum
1349 243 1420 290 vi-

153 310 374 377 gesimum
407 310 616 377 quartum
649 309 898 372 petebatur.

220 374 395 423 Fratri.
431 373 581 423 Druso
600 413 612 434 ,
642 373 816 421 Tiberii
847 374 986 421 fratri.

219 438 333 487 Cum
366 441 544 489 vitrico.
578 440 769 488 Tiberio
803 446 845 487 &
877 437 1029 487 Druso
1058 436 1281 502 privignis
1314 454 1420 486 cum

152 503 362 571 Augusto
405 508 564 554 vitrico
608 507 753 553 levior
797 520 891 553 erat
928 503 1203 552 necestitudo
1228 542 1242 564 ‚
1281 503 1420 571 quam

148 569 342 623 Tiberio
372 589 458 620 avo
491 571 698 620 adversus
724 572 965 620 Neronem
988 585 1220 634 nepotem.

219 635 536 703 Congiarium.
589 638 657 686 Ex
694 636 780 685 ΜΓ.
819 634 1202 692 Vindobonenfi‚
1236 636 1285 682 in
1325 650 1421 701 quo

151 701 438 751 recensentur
477 704 743 768 Principum
785 704 1023 768 congiaria
1048 738 1061 760 ‚
1103 700 1320 765 colligere
1358 702 1422 749 est

152 767 281 816 datos
318 763 444 816 fuisse
475 772 640 817 viritim
669 769 880 816 denarios
910 765 1214 833 septuagenos
1249 765 1380 814 binos
1406 803 1420 827 ,

153 832 352 883 Gallicae
385 850 573 882 monetae
599 834 743 881 libras
776 842 851 895 56.

208 897 329 948 Filio
361 898 564 949 Claudii.
606 898 775 948 Druso.

211 1029 336 1079 CAP.
369 1029 560 1078 XXXI.
607 1029 791 1079 Fraude
845 1028 1118 1088 mancipum.
1168 1027 1419 1076 Curatores

143 1098 322 1144 viarum
362 1098 477 1144 veffl
516 1098 605 1145 alia
649 1097 912 1146 earumdem
956 1111 1092 1161 atque
1136 1095 1418 1141 munitiones

144 1164 275 1210 certis
308 1114 568 1210 hominffius
594 1164 839 1224 locabant,
879 1179 978 1230 quae
1006 1162 1085 1228 qui
1112 1159 1418 1222 redimerent,

144 1227 378 1289 mancipes
408 1226 507 1277 sunt
546 1229 669 1277 dieti.

210 1357 334 1406 CAP.
355 1357 569 1407 XXXII.
611 1360 800 1425 Incurfic
833 1356 1170 1421 Tacfarinatis.
1208 1357 1285 1405 De
1318 1370 1414 1425 quo

139 1424 234 1489 J'am
253 1424 426 1472 dicium
451 1424 626 1474 Annal.
650 1427 695 1474 II
712 1466 725 1488 ,
762 1443 817 1487 52
842 1445 857 1490 3
894 1433 938 1474 ὃς
962 1424 1138 1473 Annal.
1155 1423 1222 1470 III
1237 1461 1249 1482 ‚
1271 1442 1350 1471 20.

207 1556 334 1599 Cim.
377 1555 616 1600 XXXIII.
669 1553 927 1620 Praesbciiffe
981 1569 1123 1614 nuper
1168 1550 1414 1612 feminam.

137 1614 410 1668 Plancinam
450 1615 625 1667 Pisonis
669 1637 878 1669 uxorem.
931 1619 1051 1669 Mox
1097 1616 1281 1682 decursu
1321 1636 1414 1685 pro

138 1683 358 1747 decztrfiii.

202 1748 416 1797 Duorum
446 1750 638 1817 egreffizs
671 1750 769 1800 coli.
803 1750 906 1801 Viri
930 1768 984 1798 ac
1009 1749 1188 1798 feminae
1211 1750 1411 1816 egressus

138 1818 267 1876 coli,
305 1815 533 1882 utriusque
578 1817 692 1865 latus
724 1819 849 1882 cingi
883 1816 1172 1864 salutantium
1210 1822 1253 1863 δ(
1293 1816 1408 1864 adu-

135 1883 327 1929 lantium
357 1883 518 1930 turba:
560 1883 652 1930 duo
687 1884 856 1948 pariter
892 1880 978 1930 effe
1018 1883 1228 1947 praetoria
1249 1920 1262 1942 ,
1300 1881 1408 1932 cum

135 1946 364 2014 utriusque
393 1965 478 2013 par
507 1947 612 1997 effer
645 1947 791 1996 favor.

205 2012 383 2073 Oppiis.
417 2013 590 2078 Oppiis
622 2014 797 2081 legibus
818 2052 831 2073 ‚
865 2030 976 2079 quas
1009 2010 1068 2060 C.
1094 2008 1282 2077 Oppius
1320 2014 1406 2062 tri-

133 2078 280 2131 bunus
311 2079 457 2144 plebis
490 2081 648 2129 tulerat
676 2098 801 2129 anno
832 2078 902 2126 U.
923 2078 981 2130 C.
1007 2093 1154 2137 oxu.

198 2209 324 2259 CAP.
347 2209 588 2262 XXXIV.
623 2209 774 2260 Uxore
803 2208 1038 2276 carzffimd.
1073 2207 1208 2260 Livia
1227 2248 1254 2274 ‚.
1274 2210 1402 2262 Ger<

129 2279 300 2326 manici
330 2276 500 2325 sorore.

186 2382 319 2459 CM.
340 2407 604 2458 XXXVII.
635 2403 943 2460 Editionibus.
984 2408 1285 2476 Speftaculis.

194 2540 321 2592 CAP-
342 2538 627 2594 XXXVIII.
662 2539 832 2591 Cretae.
861 2538 1006 2592 Nunc
1037 2540 1235 2674 Cagdiq.

1177 2625 1226 2669 υ]
