1655 3088
303 141 768 190 ANNALMJM
813 135 982 201 Lrss.
1031 146 1133 209 IV.

1234 177 1262 211 2
1277 160 1304 214 8
1316 182 1348 232 9

37 237 40 240 ·
71 210 325 290 reddita,
350 223 530 281 statim
556 232 755 288 averti:

779 234 1032 318 plerique
1056 246 1345 333 inceptum
1374 284 1564 319 Ξ

74 293 393 360 sermonem
418 306 784 393 abrumpere3
822 319 1190 390 infistentibus
1215 360 1345 396 con·
1374 339 1423 376 A.
1445 341 1491 378 U·
1514 340 1563 380 C.

74 378 156 436 tra
185 381 666 473 inridentibusque
689 444 705 468 ,
743 402 840 479 qui
871 405 1068 485 Sejano
1101 411 1343 480 fautores
1417 418 1505 457 779
1510 438 1525 453 ⁶

71 460 319 526 aderant.
366 472 668 537 Enimvero
693 483 954 546 Tiberius
984 512 1169 556 torvus
1195 547 1211 571 ‚
1249 525 1343 562 aut
1411 483 1446 520 J'
1486 485 1535 523 C'

68 540 272 605 falsum
311 554 571 617 renidens
601 561 758 623 vultu
785 590 801 643 3
854 567 947 629 seu
974 572 1298 656 loqueretur
1322 635 1340 660 ,

67 624 161 685 seu
197 650 404 694 taceret
435 645 650 718 juvenis
672 694 688 716 ‚
728 651 941 712 crimen
980 679 1045 715 ex
1084 662 1303 727 silentio
1326 718 1346 742 ,

69 731 133 768 ex
179 737 317 775 voce
353 743 364 775 :
409 744 480 780 ne
521 748 632 784 nox
672 732 904 808 quidem
944 736 1130 803 secura
1156 795 1172 818 ,
1213 750 1347 812 cum

69 815 204 852 uxor
222 799 453 879 vigilum,
470 804 714 883 somnos,
731 813 953 898 suspiria
970 830 1136 886 matri
1153 833 1347 909 Liviae,

67 896 232 957 atque
257 882 352 941 illa
375 887 573 967 Sejano
597 896 965 973 patefaceret:
987 911 1084 987 qui
1106 912 1349 978 fratrem

67 982 291 1041 quoque
318 968 557 1032 Neronis
587 978 838 1040 Drusum
865 990 1028 1048 traxit
1052 993 1110 1052 in
1128 1020 1351 1078 parte&

64 1041 155 1124 spe
174 1045 392 1127 objerffta
410 1055 672 1140 principis
693 1062 832 1137 loci,
855 1067 893 1126 si
910 1073 1158 1152 priorem
1183 1104 1346 1145 aetate

63 1134 123 1184 &
169 1134 284 1206 jam
343 1131 680 1203 labefadhnn
738 1148 1086 1220 demoviffet.
1159 1165 1344 1228 Atrox

59 1209 227 1269 Drusi
257 1214 549 1297 ingenium
570 1273 585 1296 ,
608 1225 767 1311 super
790 1238 1115 1318 cupidinem
1138 1270 1341 1329 poten-

60 1292 146 1349 tiae
161 1341 178 1364 ‚
204 1303 261 1354 8<
281 1297 440 1360 solita
463 1303 723 1371 fratribus
741 1316 902 1391 odia,
924 1329 1338 1394 accendebatur

55 1373 296 1438 invidia:
321 1387 474 1463 quod
491 1412 672 1452 mater
687 1396 998 1485 Agrippina
1016 1419 1337 1497 promptior

57 1459 273 1520 Neroni
317 1489 433 1528 erat
462 1496 473 1528 z
522 1497 707 1558 neque
748 1501 940 1546 tamen
985 1492 1210 1574 Sejanus
1254 1502 1334 1563 ita

54 1542 306 1603 Drusum
331 1548 560 1616 fovebat
582 1606 599 1630 ,
634 1582 695 1620 ut
719 1587 833 1624 non
856 1570 916 1628 in
947 1594 1077 1633 eum
1102 1602 1332 1664 quoque

0 1649 3 1681 ι
51 1623 266 1686 semina
297 1628 469 1694 futuri
502 1642 653 1700 exitii
681 1649 1082 1737 meditaretur3
1128 1687 1335 1744 gnarus

0 1687 3 1725 ἱ
52 1708 607 1791 praeferoce1n‚&infi

131 1796 284 1855 LXI.
309 1802 446 1860 FzNE
471 1810 601 1867 anni
625 1814 894 1879 excessere
919 1821 1158 1907 insignes
1184 1834 1287 1893 viri
1302 1846 1348 1909 ,'‘

31 1873 269 1937 ..Asinius
299 1881 547 1970 Agrippa
568 1940 584 1964 ‚
628 1894 785 1956 claris
809 1907 1112 1984 majoribus
1147 1917 1324 1994 quam

47 1963 267 2020 vetustis
299 2012 314 2036 ,
360 1969 585 2051 vitaque
636 2000 752 2038 non
802 1983 1049 2069 degener
1072 2017 1088 2070 3
1137 2004 1193 2056 ὃς
1242 2004 1318 2078 Q.

43 2043 302 2104 Haterius
334 2046 550 2114 familia
585 2055 855 2124 senatoria
884 2117 900 2141 ,
944 2072 1320 2159 eloquentiae,

43 2127 232 2206 quoad
254 2130 388 2191 vixit
413 2182 429 2206 ‚
473 2139 759 2211 celebratae
788 2174 799 2206 :
838 2156 1192 2222 monimenta
1222 2166 1314 2226 in—

19 2229 26 2272 j
43 2211 194 2289 genii
211 2219 323 2293 ejus
340 2216 489 2279 haud
500 2227 732 2305 perinde
746 2234 1071 2301 retinentur.
1088 2246 1312 2313 Scilicet

40 2290 257 2374 impetu
278 2303 454 2382 magis
472 2353 487 2376 ,
512 2310 683 2388 quam
706 2315 832 2374 cura
857 2320 1108 2403 vigebat:
1135 2352 1310 2413 utque

39 2373 279 2435 aliorum
325 2387 620 2451 meditatio
655 2405 712 2456 &
741 2397 898 2459 labor
933 2405 992 2464 in
1024 2414 1304 2490 posterum

37 2456 291 2540 valescit3
316 2465 385 2525 sic
408 2473 625 2535 Haterii
650 2503 916 2545 canorum
940 2488 1084 2551 illud
1107 2505 1164 2555 ὃς
1185 2522 1305 2580 pros

28 2538 210 2607 fluens
235 2591 252 2615 ,
290 2571 419 2632 cum
443 2555 560 2641 ipso
587 2561 750 2627 simul
775 2571 1100 2635 exstincstum
1127 2582 1217 2640 est.

140 2628 193 2684 T
188 2647 292 2689 om.
320 2637 371 2694 I.
990 2659 1048 2719 N

0 2753 8 2880 21

614 1726 717 1787 diis
733 1736 909 1816 magis
926 1761 1332 1822 opportunum.
1395 1808 1414 1813 ,s

1432 553 1513 603 262
