1655 3088
261 125 1045 186 ANNALIUML113.I.
1211 150 1284 203 71

22 249 66 296 a
90 223 394 310 profundis,
440 224 771 280 Sternuntur
811 221 1067 282 fluoribus
1093 272 1109 295 ‚
1152 227 1290 287 hau-
1313 251 1509 282 ====

23 311 235 369 riuntur
278 305 587 389 gurgitibus
621 329 633 362 t
681 311 935 386 jumenta
958 353 974 377 ‚
1020 305 1237 368 sarcina:
1270 361 1287 384 ‚
1316 310 1367 349 A.
1385 314 1435 350 U·
1458 313 1505 364 C·

20 413 252 474 corpora
272 390 526 449 exanima
540 437 555 460 ‚
578 388 906 447 interfluunt
926 437 942 461 ,
966 390 1251 452 occursant
1276 421 1288 453 :

21 472 420 559 permiscentur
463 474 609 532 inter
654 471 709 532 se
752 472 1070 555 manipuli,
1112 477 1290 536 modo

20 562 242 642 pectore
263 606 278 630 ‚
321 556 497 616 modo
525 579 621 616 ore
652 577 810 616 tenus
843 558 1108 618 exstantes
1133 607 1151 631 ‚
1188 561 1290 619 ali-

20 642 247 723 quando
271 639 547 700 subtracto
572 639 690 699 solo
715 641 930 721 disjecti
954 662 1047 700 aut
1072 643 1290 704 obruti:

19 749 136 784 non
177 748 322 798 νοΧ,
368 734 426 785 &
468 725 650 784 mutui
693 725 942 783 hortatus
988 727 1291 806 juvabant,

20 807 344 868 adversante
359 807 509 867 unda
526 833 537 866 ε
562 807 704 866 nihil
719 810 962 867 strenuus
976 809 1045 869 ab
1065 810 1290 893 ignavo,

19 891 230 975 sapiens
255 892 324 950 ab
349 891 717 974 imprudenti,
746 891 971 952 confilia
993 917 1024 951 a
1046 894 1170 954 casu
1190 896 1294 955 dil·

20 973 164 1035 ferre
180 1000 192 1033 t
212 980 407 1034 cuncta
425 977 543 1059 pari
558 975 826 1035 violentia
842 975 1290 1040 involvebantur.

19 1059 288 1118 Tandem
317 1059 581 1120 Vitellius
603 1060 663 1118 in
688 1060 926 1120 editiora
951 1060 1128 1121 enisus
1153 1111 1169 1136 ‚
1202 1065 1295 1122 eo-

18 1142 154 1202 dem
184 1166 390 1225 agmen
424 1141 719 1203 subduxit:
756 1149 1149 1227 pernoctavere
1176 1146 1292 1208 fine

21 1225 343 1286 utensilibus
360 1275 377 1300 ‚
415 1226 526 1287 fine
557 1228 714 1310 igni,
756 1251 962 1311 magna
988 1252 1108 1311 pars
1133 1231 1292 1290 nudo

19 1331 113 1368 aut
138 1310 384 1369 mulcato
414 1334 644 1393 corpore
664 1360 681 1385 ‚
722 1312 872 1370 haud
912 1312 1099 1372 minsis
1126 1314 1291 1374 mise-

16 1392 216 1452 rabiles
241 1443 258 1466 ‚
293 1394 465 1474 quam
509 1418 647 1475 quos
687 1395 853 1453 hostis
893 1395 1288 1458 circumsidet:

16 1477 223 1560 quippe
265 1476 374 1537 illis
403 1478 577 1538 etiam
616 1479 853 1538 honestae
887 1482 1085 1540 mortis
1124 1480 1246 1541 usus
1269 1530 1289 1555 ‚

16 1561 101 1619 his
134 1559 444 1644 inglorium
480 1562 714 1622 exitium
741 1587 753 1620 ε
790 1562 883 1621 lux
903 1563 1155 1625 reddidit
1182 1587 1291 1626 ter-

15 1667 157 1723 ram3
177 1666 643 1727 penetratumque
658 1645 728 1704 ad
741 1669 971 1706 amnem
985 1648 1289 1732 Unfingin,

16 1731 131 1808 quo
165 1727 345 1788 Caesar
384 1727 543 1790 classe
581 1729 984 1790 contenderat:
1021 1732 1289 1815 impositae

19 1811 226 1871 deinde
244 1811 514 1895 legione3‚
533 1834 768 1895 vagante
790 1811 942 1870 fama
959 1813 1288 1894 submersas;

16 1917 120 1954 nec
169 1895 306 1954 fides
354 1895 538 1954 salutis
579 1944 595 1968 ‚
648 1917 953 1976 antequam
1007 1900 1288 1959 Caesarem

16 1979 434 2061 exercitumque
461 1979 729 2040 reducem
750 1979 959 2040 videre.

110 2064 322 2122 LXXI.
367 2065 497 2127 JAM
525 2066 882 2123 STERTINIUS
921 2063 993 2123 ad
1021 2065 1288 2149 accipien-

18 2143 158 2203 dum
191 2147 250 2204 in
281 2147 633 2208 deditionem
665 2149 1018 2231 Segimerum
1051 2146 1286 2211 fratrem

19 2230 246 2313 Segestis
273 2229 569 2314 praemiffus
593 2281 609 2305 ‚
647 2230 827 2315 ipsum
863 2240 921 2292 ὃ(
958 2231 1139 2292 filium
1169 2243 1285 2317 ejus

12 2312 78 2370 in
112 2315 399 2375 civitatem
427 2316 712 2376 Ubiorum
740 2315 1070 2399 perduxerat
1099 2342 1112 2375 :
1154 2318 1284 2378 data

21 2398 239 2479 utrique
270 2402 432 2459 venia
460 2449 475 2474 ‚
521 2399 682 2460 facile
733 2402 1022 2482 Segimero
1045 2448 1062 2472 ,
1113 2424 1284 2462 cunc-

23 2482 224 2541 tantius
247 2483 362 2543 filio
385 2510 401 2562 3
441 2486 571 2565 quia
595 2484 893 2560 Quinctilii
914 2484 1051 2545 Vari
1088 2508 1283 2570 corpus

21 2563 254 2628 inlusisse
272 2568 576 2630 dicebatur.
600 2569 875 2630 Ceterum
889 2568 961 2628 ad
977 2567 1286 2653 supplenda

1359 383 1468 428 768.

1355 457 1392 494 J,
1419 458 1467 498 C,

1374 532 1450 576 15.
