1655 3088
265 120 745 164 ANNAL1UM
789 101 959 161 L113.
1004 104 1079 165 ΙΙ.
1200 126 1311 186 155

79 230 211 291 tque
257 205 357 263 isso
398 200 777 284 praetendente
825 230 857 254 oc
878 202 1164 288 sexaginta
1193 210 1311 270 dies
1337 226 1531 264 Ξ

48 331 50 333 »
85 293 156 353 ad
184 285 614 363 consultandum
646 285 805 345 datos
840 288 1085 348 necdum
1124 314 1311 373 praete-
1337 282 1389 322 A.
1407 284 1457 322 U.
1481 284 1533 325 C.

47 380 49 382 ’
88 371 229 434 riisse
249 401 311 443 κ»,
342 369 468 443 satis
500 367 681 428 visum
709 369 780 431 de
804 371 1023 431 Vistilia
1058 375 1308 438 statuere.
1374 363 1496 468 ἕξ·

3 506 7 515 .
87 479 227 540 aque
271 456 332 513 in
375 451 614 514 insulam
657 454 931 537 Seriphon
981 456 1172 517 abdita
1217 463 1308 521 est.
1395 454 1493 547 19«.

97 546 248 601 &um
274 548 332 600 &
361 538 432 597 de
463 535 622 597 sacris
644 539 914 621 AEgyptiis
954 542 988 605 J
992 541 1312 625 udaieisque

79 624 313 686 ellendis
335 647 347 680 :
372 620 696 702 factumque
715 644 939 704 patrum
959 623 1275 686 consultum
1293 676 1316 702 ,

97 730 157 769 ut
195 727 432 788 quatuor
473 705 653 764 millia
695 706 947 766 libertini
989 712 1207 791 generis
1248 713 1316 771 ea.

45 790 461 875 »superstitione
495 786 704 848 infesta
722 837 739 861 ‚
778 790 899 871 quis
921 790 1128 853 idonea
1151 815 1275 854 aetas
1291 843 1314 869 ,

81 876 140 934 in
203 872 441 932 insulam
506 872 822 933 Sardiniam
880 875 1218 954 veherentur
1248 909 1314 954 ω,

41 957 362 1019 coercendis
391 956 506 1016 illic
540 956 843 1017 latrociniis
864 1006 882 1031 ‚
916 967 1007 1032 &‚
1034 957 1074 1018 fi
1094 961 1169 1020 ob
1193 984 1315 1044 gra„

39 1043 272 1104 vitatem
306 1040 422 1101 caeli
456 1038 789 1101 interiissent
807 1090 825 1114 ,
858 1041 970 1102 vile
994 1043 1272 1104 damnum
1298 1071 1314 1107 ε

41 1154 79 1180 α
96 1126 268 1186 ceteri
296 1124 562 1186 cederent
588 1124 750 1184 Italia
768 1173 785 1199 ,
816 1125 919 1184 nisi
944 1148 1158 1189 certam
1182 1151 1316 1194 ante

35 1210 239 1270 :odiem
265 1207 526 1292 profanos
550 1210 684 1270 ritus
717 1206 1060 1272 exuissent».

119 1293 452 1354 LXXXVI.
498 1296 651 1351 Post
696 1315 816 1373 quae
857 1294 1050 1354 retulit
1088 1293 1315 1370 Caesar,

36 1400 85 1439 ’σε
102 1376 435 1460 capiendam
453 1376 733 1459 virginem
749 1377 810 1434 in
827 1375 1021 1437 locum
1042 1379 1230 1438 Occiae
1249 1407 1282 1432 ω
1293 1424 1317 1452 ,

38 1484 160 1542 quae
201 1459 416 1543 septem
452 1468 509 1520 &
555 1460 965 1543 qninquaginta
1000 1484 1099 1544 per
1138 1485 1317 1522 annos

36 1542 257 1604 summa
279 1543 645 1603 sanctimonia
662 1544 976 1604 Vestalibus
999 1545 1158 1605 sacris
1182 1568 1318 1628 prae-2

34 1626 284 1688 sederat:
310 1628 538 1710 egitque
563 1647 740 1709 grates
763 1629 996 1686 Fonteio
1017 1628 1278 1711 Agrippae
1292 1677 1317 1703 2,

36 1720 96 1772 &
119 1712 386 1770 Domitio
410 1709 654 1769 Pollioni
677 1757 694 1781 ‚
733 1738 765 1761 ct
789 1710 943 1790 quod
961 1759 977 1783 ‚
1016 1710 1316 1772 offerendo

33 1793 218 1853 :ofilias
246 1842 263 1867 ,
313 1795 384 1854 de
418 1791 606 1851 officio
635 1794 695 1850 in
737 1793 1151 1875 rempublicam
1191 1819 1315 1856 cer-

33 1898 264 1937 notarent
279 1906 339 1937 ω.
377 1876 602 1936 Praelata
631 1877 706 1935 est
728 1875 997 1935 Pollionis
1020 1877 1134 1936 filia
1154 1925 1170 1950 ‚
1195 1903 1318 1939 non

29 1961 111 2021 ob
140 1960 293 2020 aliud
320 2008 336 2033 ‚
374 1960 548 2041 quam
574 1958 730 2041 quod
760 1982 941 2020 mater
980 1968 1094 2042 ejus
1119 1962 1180 2019 in
1215 1985 1316 2022 eoe-

36 2043 174 2104 dem
224 2044 487 2127 conjugio
530 2043 795 2103 manebat
820 2068 832 2101 :
879 2068 1014 2103 nam
1063 2044 1317 2139 Agrippa

35 2126 274 2188 discidio
303 2126 544 2188 domum
585 2127 993 2187 imminuerat:
1036 2136 1094 2188 &
1131 2130 1317 2189 Caeiar

37 2212 293 2294 quamvis
308 2211 679 2295 posthabitam
694 2258 712 2284 ,
731 2210 915 2272 decies
932 2210 1160 2273 sestertii
1176 2212 1321 2276 dote

34 2294 238 2358 solatus
262 2298 354 2355 est.

126 2381 490 2441 LXXXVII.
523 2381 853 2441 SAEVITIAM
885 2401 1119 2439 annonae
1152 2379 1314 2439 ineu*-

35 2461 188 2524 sante
236 2463 400 2546 plebe
433 2512 450 2537 ‚
504 2465 690 2524 statuit
733 2462 1022 2524 frumento
1066 2463 1318 2546 pretium

38 2548 196 2631 quod
223 2569 444 2633 emptor
463 2549 738 2631 penderet
754 2596 777 2625 ,
801 2577 834 2605 ot
850 2545 1321 2692 binolgueonume

1010 2652 1013 2664 ²
1093 2651 1151 2704 Ἦ
