1639 3100
285 134 407 192 254
476 107 549 174 C.
589 112 1038 174 CORNELII
1084 113 1390 175 TAc11=1

283 215 613 288 Romanum
666 214 840 299 longo
893 215 1190 274 adversum
1241 216 1553 282 Numidam

66 292 122 338 A·
141 294 191 333 U.
214 294 262 333 C.
283 295 705 358 Tacfarinatem
730 299 881 359 bello
905 297 1157 359 absolvit.
1175 301 1325 358 Nam
1346 303 1554 383 priores

118 376 230 418 777-
285 380 451 442 duces
484 430 501 455 ,
561 383 660 442 ubi
711 381 1071 465 impetrando
1128 384 1582 466 triumphaliumf

101 447 229 576 ἐξ·
282 465 485 549 insigni
506 464 754 526 sufficere
774 489 857 526 res
878 464 996 526 suas
1020 466 1375 527 crediderant
1392 516 1410 541 ,
1435 468 1571 528 hos-¹

133 575 161 581 Ν
189 550 204 570 .

284 572 404 611 tem
427 549 769 610 omittebant
795 575 806 608 :
840 557 1067 632 jamque
1092 571 1200 611 tres
1226 550 1477 611 laureatae
1496 553 1559 614 in

279 634 439 695 Urbe
475 636 655 693 statuae
681 657 696 713 3
733 642 792 694 δε
818 634 1001 694 adhuc
1025 635 1276 718 raptabat
1301 630 1578 722 Africam}

280 715 608 778 Tacfarinas
630 765 646 791 ‚
689 722 877 778 austus
921 720 1258 779 Maurorum
1297 719 1510 778 auxiliis
1536 718 1591 829 ,ἒξ

278 803 381 884 qui
408 801 712 862 Ptolemaeo
735 851 751 876 ,
779 803 810 865 J
816 802 933 862 ubae
957 802 1074 861 filio
1093 850 1109 875 ,
1147 802 1373 885 juventa
1400 797 1597 878 incu-qjae

281 884 428 945 rioso
450 934 467 959 ,
504 885 733 945 libertos
754 888 935 969 regios
959 935 974 958 ‚
1010 896 1066 947 δε
1086 885 1301 947 servilia
1322 876 1593 971 imperial}

279 969 434 1030 bello
460 991 828 1030 mutaverant.
874 972 1005 1030 Erat
1029 970 1114 1028 illi
1142 971 1450 1053 praedarum
1477 971 1593 1042 re-{2

279 1075 511 1137 ceptor,
553 1079 615 1113 ac
651 1052 826 1113 socius
862 1053 1209 1138 populandi,
1257 1077 1349 1115 rex
1385 1055 1592 1139 Gara-fs]

280 1159 544 1198 mantum
566 1162 582 1217 3
606 1162 722 1197 non
746 1159 807 1199 ut
824 1162 954 1197 cum
976 1139 1231 1199 exercitu
1251 1138 1593 1218 incederetff

281 1219 380 1282 sed
405 1221 571 1281 missis
601 1222 815 1282 levibus
844 1223 1016 1306 copiis
1038 1271 1054 1296 ‚
1097 1247 1218 1304 quae
1242 1246 1307 1283 ex
1335 1219 1585 1306 longin-f*

281 1330 399 1388 quo
453 1307 513 1364 in
563 1314 740 1388 majus
785 1306 1156 1366 audiebantur
1185 1332 1197 1365 ε
1245 1306 1473 1390 ipsaque
1531 1328 1563 1367 e

281 1389 599 1474 provincia,
616 1412 678 1450 ut
694 1392 816 1472 quis
839 1388 1073 1449 fortunae
1091 1391 1251 1473 inops
1266 1438 1284 1462 ‚
1308 1389 1563 1451 moribus

282 1473 539 1534 turbidus
561 1522 578 1546 ‚
600 1473 912 1557 promptius
935 1474 1190 1545 ruebant,
1209 1474 1341 1555 quia
1361 1472 1563 1546 Caesar,

284 1560 404 1642 post
434 1580 517 1616 res
543 1581 575 1615 a
607 1556 778 1616 Blaeso
806 1559 976 1640 gestas
1000 1605 1017 1630 ,
1059 1556 1210 1638 quafi
1245 1556 1412 1616 nullis
1448 1565 1565 1639 jam

284 1644 347 1703 in
377 1638 570 1700 Africa
602 1641 846 1701 hostibus
871 1689 887 1715 ‚
931 1641 1202 1724 reportari
1233 1664 1445 1701 nonam
1482 1640 1566 1702 le-

286 1726 521 1808 gionem
544 1723 802 1806 jusserat:
835 1748 938 1785 nec
971 1724 1266 1808 proconsul
1292 1732 1406 1807 ejus
1434 1724 1566 1785 anni

284 1813 346 1870 P.
390 1808 696 1869 Dolabella
741 1810 982 1869 retinere
1023 1809 1176 1870 ausus
1226 1830 1343 1868 erat
1370 1858 1389 1882 ‚
1432 1807 1573 1890 juffa

285 1892 557 1975 Principis
604 1895 780 1976 magis
813 1941 832 1967 ,
887 1893 1061 1975 quam
1115 1894 1327 1952 incerta
1381 1892 1519 1953 belli
1546 1940 1568 1967 ‚

285 1997 567 2037 metuens,

369 2062 593 2123 XXIV.
639 2061 859 2118 Ionon
905 2055 1231 2118 Tacfarinas
1258 2106 1274 2132 ‚
1323 2055 1586 2142 disperso·

286 2165 516 2205 rumore
541 2193 559 2218 ‚
598 2171 630 2196 cc
652 2166 772 2202 rem
807 2145 1132 2203 Romanam
1177 2142 1296 2202 aliis
1339 2140 1587 2224 quoque-³

287 2229 405 2287 anab
434 2227 752 2287 nationibus
776 2226 1036 2299 lacerari,
1069 2227 1246 2307 eoque
1275 2226 1598 2309 paullatim'

286 2310 527 2372 „Africa
560 2311 833 2372 decedere
852 2360 869 2385 ‚
912 2335 972 2370 ac
1006 2308 1154 2393 poffe
1185 2310 1428 2392 reliquos
1459 2311 1589 2369 cir-4

289 2397 649 2456 mcumveniri
671 2445 687 2468 ‚
735 2394 774 2454 fi
821 2395 1005 2455 cunffl
1028 2443 1044 2468 ‚
1092 2395 1293 2475 quibus
1342 2394 1596 2459 libertast·

291 2479 562 2540 mservitio
616 2480 800 2562 potior
832 2529 848 2553 ‚
899 2476 1354 2556 incubuiffent³23
1400 2475 1576 2560 auget

290 2564 438 2632 ‚vires
470 2612 492 2643 ‚
547 2561 845 2652 positisque
906 2562 1084 2625 castris
1116 2610 1135 2639 ,
1198 2561 1573 2625 Thubuscum
