<?xml version="1.0" encoding="UTF-8"?>
<!DOCTYPE html PUBLIC "-//W3C//DTD XHTML 1.0 Transitional//EN"
    "http://www.w3.org/TR/xhtml1/DTD/xhtml1-transitional.dtd">
<html xmlns="http://www.w3.org/1999/xhtml" xml:lang="en" lang="en">
 <head>
  <title>
</title>
<meta http-equiv="Content-Type" content="text/html;charset=utf-8" />
  <meta name='ocr-system' content='tesseract 3.04.00' />
  <meta name='ocr-capabilities' content='ocr_page ocr_carea ocr_par ocr_line ocrx_word'/>
</head>
<body>
  <div class='ocr_page' id='page_1' title='image "./ccorneliitacitio01taci_0504.png"; bbox 0 0 1676 3105; ppageno 0'>
   <div class='ocr_carea' id='block_1_1' title="bbox 191 114 1292 195">
    <p class='ocr_par' dir='ltr' id='par_1_1' title="bbox 191 114 1292 195">
     <span class='ocr_line' id='line_1_1' title="bbox 191 114 1292 195; baseline 0.006 -22"><span class='ocrx_word' id='word_1_1' title='bbox 191 134 311 195; x_wconf 82' lang='lat'>374</span> <span class='ocrx_word' id='word_1_2' title='bbox 377 117 463 175; x_wconf 70' lang='lat' dir='ltr'>IN</span> <span class='ocrx_word' id='word_1_3' title='bbox 507 114 856 178; x_wconf 76' lang='lat' dir='ltr'>LinRuM</span> <span class='ocrx_word' id='word_1_4' title='bbox 901 137 1292 181; x_wconf 70' lang='lat' dir='ltr'>TER-rium</span> 
     </span>
    </p>
   </div>
   <div class='ocr_carea' id='block_1_2' title="bbox 187 214 1464 286">
    <p class='ocr_par' dir='ltr' id='par_1_2' title="bbox 187 214 1464 286">
     <span class='ocr_line' id='line_1_2' title="bbox 187 214 1464 286; baseline 0.004 -23"><span class='ocrx_word' id='word_1_5' title='bbox 187 214 400 276; x_wconf 76' lang='lat' dir='ltr'>Sarvau,</span> <span class='ocrx_word' id='word_1_6' title='bbox 420 216 524 265; x_wconf 77' lang='lat' dir='ltr'>teste</span> <span class='ocrx_word' id='word_1_7' title='bbox 542 215 807 268; x_wconf 88' lang='lat' dir='ltr'>Londoneo</span> <span class='ocrx_word' id='word_1_8' title='bbox 825 257 838 280; x_wconf 87' lang='lat'>‚</span> <span class='ocrx_word' id='word_1_9' title='bbox 854 218 1172 286; x_wconf 78' lang='lat' dir='ltr'>Antiquitates</span> <span class='ocrx_word' id='word_1_10' title='bbox 1184 218 1464 282; x_wconf 78' lang='lat' dir='ltr'>AEduorum‚</span> 
     </span>
    </p>
   </div>
   <div class='ocr_carea' id='block_1_3' title="bbox 187 283 1462 401">
    <p class='ocr_par' dir='ltr' id='par_1_3' title="bbox 187 283 1462 401">
     <span class='ocr_line' id='line_1_3' title="bbox 187 283 1462 359; baseline 0.007 -32"><span class='ocrx_word' id='word_1_11' title='bbox 187 298 302 348; x_wconf 89' lang='lat' dir='ltr'>pag.</span> <span class='ocrx_word' id='word_1_12' title='bbox 327 297 410 342; x_wconf 84' lang='lat'>115</span> <span class='ocrx_word' id='word_1_13' title='bbox 454 288 499 329; x_wconf 76' lang='grc' dir='ltr'>δε</span> <span class='ocrx_word' id='word_1_14' title='bbox 541 287 646 359; x_wconf 43' lang='lat'><strong>1·18.</strong></span> <span class='ocrx_word' id='word_1_15' title='bbox 702 285 771 332; x_wconf 89' lang='lat' dir='ltr'>Ibi</span> <span class='ocrx_word' id='word_1_16' title='bbox 813 283 994 335; x_wconf 83' lang='lat' dir='ltr'>effoisos</span> <span class='ocrx_word' id='word_1_17' title='bbox 1032 289 1243 354; x_wconf 82' lang='lat' dir='ltr'>ingentes</span> <span class='ocrx_word' id='word_1_18' title='bbox 1282 286 1462 353; x_wconf 84' lang='lat' dir='ltr'>lapides</span> 
     </span>
     <span class='ocr_line' id='line_1_4' title="bbox 187 346 957 401; baseline 0.008 -6"><span class='ocrx_word' id='word_1_19' title='bbox 187 348 366 396; x_wconf 87' lang='lat' dir='ltr'>laceros</span> <span class='ocrx_word' id='word_1_20' title='bbox 393 353 437 395; x_wconf 93' lang='lat'>&amp;</span> <span class='ocrx_word' id='word_1_21' title='bbox 459 346 690 398; x_wconf 82' lang='lat' dir='ltr'>semiustos</span> <span class='ocrx_word' id='word_1_22' title='bbox 714 348 957 401; x_wconf 82' lang='lat' dir='ltr'>adseverat.</span> 
     </span>
    </p>
   </div>
   <div class='ocr_carea' id='block_1_4' title="bbox 255 478 1464 548">
    <p class='ocr_par' dir='ltr' id='par_1_4' title="bbox 255 478 1464 548">
     <span class='ocr_line' id='line_1_5' title="bbox 255 478 1464 548; baseline -0.001 -19"><span class='ocrx_word' id='word_1_23' title='bbox 255 478 382 529; x_wconf 74' lang='lat' dir='ltr'><strong>CAP.</strong></span> <span class='ocrx_word' id='word_1_24' title='bbox 397 480 605 533; x_wconf 91' lang='lat' dir='ltr'>XLVII.</span> <span class='ocrx_word' id='word_1_25' title='bbox 628 480 844 547; x_wconf 82' lang='lat' dir='ltr'><em>Consiliis</em></span> <span class='ocrx_word' id='word_1_26' title='bbox 863 479 1141 548; x_wconf 74' lang='lat' dir='ltr'>fitperfuzffe.</span> <span class='ocrx_word' id='word_1_27' title='bbox 1161 481 1276 531; x_wconf 86' lang='lat' dir='ltr'>Fide</span> <span class='ocrx_word' id='word_1_28' title='bbox 1297 498 1352 530; x_wconf 87' lang='lat' dir='ltr'>ac</span> <span class='ocrx_word' id='word_1_29' title='bbox 1369 482 1464 529; x_wconf 86' lang='lat' dir='ltr'>vir-</span> 
     </span>
    </p>
   </div>
   <div class='ocr_carea' id='block_1_5' title="bbox 189 546 1464 614">
    <p class='ocr_par' dir='ltr' id='par_1_5' title="bbox 189 546 1464 614">
     <span class='ocr_line' id='line_1_6' title="bbox 189 546 1464 614; baseline -0.001 -18"><span class='ocrx_word' id='word_1_30' title='bbox 189 560 281 596; x_wconf 86' lang='lat' dir='ltr'>tute</span> <span class='ocrx_word' id='word_1_31' title='bbox 311 548 490 614; x_wconf 85' lang='lat' dir='ltr'>legatos</span> <span class='ocrx_word' id='word_1_32' title='bbox 523 565 622 597; x_wconf 86' lang='lat' dir='ltr'>rem</span> <span class='ocrx_word' id='word_1_33' title='bbox 652 547 892 598; x_wconf 66' lang='lat' dir='ltr'>confecisse</span> <span class='ocrx_word' id='word_1_34' title='bbox 915 587 929 610; x_wconf 87' lang='lat'>‚</span> <span class='ocrx_word' id='word_1_35' title='bbox 960 547 1004 597; x_wconf 81' lang='lat' dir='ltr'>se</span> <span class='ocrx_word' id='word_1_36' title='bbox 1035 548 1229 597; x_wconf 82' lang='lat' dir='ltr'>consiliis</span> <span class='ocrx_word' id='word_1_37' title='bbox 1261 546 1464 597; x_wconf 87' lang='lat' dir='ltr'>adfuisse.</span> 
     </span>
    </p>
   </div>
   <div class='ocr_carea' id='block_1_6' title="bbox 184 677 1465 1539">
    <p class='ocr_par' dir='ltr' id='par_1_6' title="bbox 184 677 1464 878">
     <span class='ocr_line' id='line_1_7' title="bbox 251 677 1464 746; baseline -0.002 -18"><span class='ocrx_word' id='word_1_38' title='bbox 251 678 380 728; x_wconf 80' lang='lat' dir='ltr'><strong>CAP.</strong></span> <span class='ocrx_word' id='word_1_39' title='bbox 408 678 638 730; x_wconf 88' lang='lat' dir='ltr'>XLVIII.</span> <span class='ocrx_word' id='word_1_40' title='bbox 668 678 875 728; x_wconf 73' lang='lat' dir='ltr'>Publicis</span> <span class='ocrx_word' id='word_1_41' title='bbox 909 680 1145 746; x_wconf 72' lang='lat' dir='ltr'>exsequiis.</span> <span class='ocrx_word' id='word_1_42' title='bbox 1183 682 1239 728; x_wconf 92' lang='lat' dir='ltr'>In</span> <span class='ocrx_word' id='word_1_43' title='bbox 1267 677 1464 746; x_wconf 82' lang='lat' dir='ltr'>publicis</span> 
     </span>
     <span class='ocr_line' id='line_1_8' title="bbox 184 743 1464 816; baseline -0.001 -22"><span class='ocrx_word' id='word_1_44' title='bbox 184 744 408 812; x_wconf 73' lang='lat' dir='ltr'>exsequiis</span> <span class='ocrx_word' id='word_1_45' title='bbox 446 747 593 794; x_wconf 74' lang='lat' dir='ltr'>lu6&#39;tus</span> <span class='ocrx_word' id='word_1_46' title='bbox 638 748 699 796; x_wconf 90' lang='lat' dir='ltr'>est</span> <span class='ocrx_word' id='word_1_47' title='bbox 732 746 942 815; x_wconf 87' lang='lat' dir='ltr'>publicus</span> <span class='ocrx_word' id='word_1_48' title='bbox 963 786 980 810; x_wconf 84' lang='lat'>‚</span> <span class='ocrx_word' id='word_1_49' title='bbox 1018 744 1311 816; x_wconf 86' lang='lat' dir='ltr'>sumptusque</span> <span class='ocrx_word' id='word_1_50' title='bbox 1356 743 1464 793; x_wconf 88' lang='lat' dir='ltr'>fite</span> 
     </span>
     <span class='ocr_line' id='line_1_9' title="bbox 184 813 393 878; baseline 0 -18"><span class='ocrx_word' id='word_1_51' title='bbox 184 813 393 878; x_wconf 84' lang='lat' dir='ltr'>publico.</span> 
     </span>
    </p>

    <p class='ocr_par' dir='ltr' id='par_1_7' title="bbox 187 874 1462 1009">
     <span class='ocr_line' id='line_1_10' title="bbox 254 874 1462 939; baseline -0.001 -14"><span class='ocrx_word' id='word_1_52' title='bbox 254 876 562 939; x_wconf 75' lang='lat' dir='ltr'><em>Municipium</em></span> <span class='ocrx_word' id='word_1_53' title='bbox 582 874 864 928; x_wconf 76' lang='lat' dir='ltr'>Lanuvium.</span> <span class='ocrx_word' id='word_1_54' title='bbox 895 877 1039 926; x_wconf 86' lang='lat' dir='ltr'>Nunc</span> <span class='ocrx_word' id='word_1_55' title='bbox 1057 876 1217 928; x_wconf 64' lang='lat' dir='ltr'>Civica</span> <span class='ocrx_word' id='word_1_56' title='bbox 1237 875 1462 928; x_wconf 78' lang='lat' dir='ltr'>Lavinia.</span> 
     </span>
     <span class='ocr_line' id='line_1_11' title="bbox 187 942 1298 1009; baseline -0.001 -15"><span class='ocrx_word' id='word_1_57' title='bbox 187 942 451 994; x_wconf 85' lang='lat' dir='ltr'>Lanuvium</span> <span class='ocrx_word' id='word_1_58' title='bbox 482 942 635 991; x_wconf 64' lang='lat' dir='ltr'>Roma</span> <span class='ocrx_word' id='word_1_59' title='bbox 664 959 765 992; x_wconf 83' lang='lat' dir='ltr'>XVI</span> <span class='ocrx_word' id='word_1_60' title='bbox 791 960 834 991; x_wconf 89' lang='lat' dir='ltr'>M</span> <span class='ocrx_word' id='word_1_61' title='bbox 859 942 1068 1009; x_wconf 85' lang='lat' dir='ltr'>passuum</span> <span class='ocrx_word' id='word_1_62' title='bbox 1094 944 1298 993; x_wconf 86' lang='lat' dir='ltr'>distabat.</span> 
     </span>
    </p>

    <p class='ocr_par' dir='ltr' id='par_1_8' title="bbox 254 1007 1187 1074">
     <span class='ocr_line' id='line_1_12' title="bbox 254 1007 1187 1074; baseline 0.001 -17"><span class='ocrx_word' id='word_1_63' title='bbox 254 1007 568 1074; x_wconf 58' lang='lat' dir='ltr'>Consulatum.</span> <span class='ocrx_word' id='word_1_64' title='bbox 608 1008 754 1058; x_wconf 91' lang='lat' dir='ltr'>Anno</span> <span class='ocrx_word' id='word_1_65' title='bbox 779 1008 847 1057; x_wconf 91' lang='lat' dir='ltr'>U.</span> <span class='ocrx_word' id='word_1_66' title='bbox 873 1008 931 1058; x_wconf 87' lang='lat' dir='ltr'>C.</span> <span class='ocrx_word' id='word_1_67' title='bbox 953 1026 1187 1058; x_wconf 77' lang='lat' dir='ltr'>ncchn.</span> 
     </span>
    </p>

    <p class='ocr_par' dir='ltr' id='par_1_9' title="bbox 188 1072 1465 1340">
     <span class='ocr_line' id='line_1_13' title="bbox 256 1072 1465 1141; baseline 0.002 -19"><span class='ocrx_word' id='word_1_68' title='bbox 256 1072 666 1141; x_wconf 78' lang='lat' dir='ltr'>Homonadenfium</span> <span class='ocrx_word' id='word_1_69' title='bbox 700 1073 910 1141; x_wconf 78' lang='lat' dir='ltr'>castellis.</span> <span class='ocrx_word' id='word_1_70' title='bbox 952 1075 1261 1125; x_wconf 86' lang='lat' dir='ltr'>Contermina</span> <span class='ocrx_word' id='word_1_71' title='bbox 1288 1073 1465 1124; x_wconf 81' lang='lat' dir='ltr'>Ciliciae</span> 
     </span>
     <span class='ocr_line' id='line_1_14' title="bbox 188 1141 1464 1210; baseline 0 -22"><span class='ocrx_word' id='word_1_72' title='bbox 188 1157 303 1207; x_wconf 85' lang='lat' dir='ltr'>gens</span> <span class='ocrx_word' id='word_1_73' title='bbox 319 1141 663 1191; x_wconf 88' lang='lat' dir='ltr'>Homonadum</span> <span class='ocrx_word' id='word_1_74' title='bbox 684 1181 698 1202; x_wconf 79' lang='lat'>,</span> <span class='ocrx_word' id='word_1_75' title='bbox 734 1159 933 1210; x_wconf 90' lang='lat' dir='ltr'>quorum</span> <span class='ocrx_word' id='word_1_76' title='bbox 954 1143 1180 1208; x_wconf 88' lang='lat' dir='ltr'>oppidum</span> <span class='ocrx_word' id='word_1_77' title='bbox 1200 1141 1430 1190; x_wconf 87' lang='lat' dir='ltr'>Homona</span> <span class='ocrx_word' id='word_1_78' title='bbox 1449 1179 1464 1201; x_wconf 76' lang='lat'>‚</span> 
     </span>
     <span class='ocr_line' id='line_1_15' title="bbox 188 1206 1464 1258; baseline 0.001 -3"><span class='ocrx_word' id='word_1_79' title='bbox 188 1225 315 1256; x_wconf 90' lang='lat' dir='ltr'>nunc</span> <span class='ocrx_word' id='word_1_80' title='bbox 339 1206 619 1257; x_wconf 78' lang='lat' dir='ltr'>Ermenaclt.</span> <span class='ocrx_word' id='word_1_81' title='bbox 658 1208 826 1257; x_wconf 86' lang='lat' dir='ltr'>Cetera</span> <span class='ocrx_word' id='word_1_82' title='bbox 861 1209 1042 1257; x_wconf 87' lang='lat' dir='ltr'>castella</span> <span class='ocrx_word' id='word_1_83' title='bbox 1075 1224 1209 1258; x_wconf 80' lang='lat' dir='ltr'>xuv</span> <span class='ocrx_word' id='word_1_84' title='bbox 1251 1206 1464 1256; x_wconf 78' lang='lat' dir='ltr'>inter&#39;as-</span> 
     </span>
     <span class='ocr_line' id='line_1_16' title="bbox 189 1273 1364 1340; baseline 0 -19"><span class='ocrx_word' id='word_1_85' title='bbox 189 1290 323 1340; x_wconf 83' lang='lat' dir='ltr'>peras</span> <span class='ocrx_word' id='word_1_86' title='bbox 356 1276 590 1323; x_wconf 89' lang='lat' dir='ltr'>convalles</span> <span class='ocrx_word' id='word_1_87' title='bbox 622 1275 825 1323; x_wconf 86' lang='lat' dir='ltr'>latebant</span> <span class='ocrx_word' id='word_1_88' title='bbox 846 1313 860 1335; x_wconf 88' lang='lat'>‚</span> <span class='ocrx_word' id='word_1_89' title='bbox 893 1275 998 1323; x_wconf 90' lang='lat' dir='ltr'>teste</span> <span class='ocrx_word' id='word_1_90' title='bbox 1018 1274 1172 1324; x_wconf 78' lang='lat' dir='ltr'>Plinio</span> <span class='ocrx_word' id='word_1_91' title='bbox 1194 1273 1261 1336; x_wconf 82' lang='lat' dir='ltr'>V,</span> <span class='ocrx_word' id='word_1_92' title='bbox 1285 1292 1364 1332; x_wconf 87' lang='lat'>27.</span> 
     </span>
    </p>

    <p class='ocr_par' dir='ltr' id='par_1_10' title="bbox 253 1339 1085 1407">
     <span class='ocr_line' id='line_1_17' title="bbox 253 1339 1085 1407; baseline -0.001 -18"><span class='ocrx_word' id='word_1_93' title='bbox 253 1339 311 1389; x_wconf 90' lang='lat' dir='ltr'>C.</span> <span class='ocrx_word' id='word_1_94' title='bbox 334 1340 415 1389; x_wconf 84' lang='lat' dir='ltr'>Cae</span> <span class='ocrx_word' id='word_1_95' title='bbox 438 1341 529 1390; x_wconf 80' lang='lat' dir='ltr'>ari.</span> <span class='ocrx_word' id='word_1_96' title='bbox 567 1340 717 1407; x_wconf 66' lang='lat' dir='ltr'>Supra</span> <span class='ocrx_word' id='word_1_97' title='bbox 748 1340 926 1389; x_wconf 89' lang='lat' dir='ltr'>Annal.</span> <span class='ocrx_word' id='word_1_98' title='bbox 947 1341 970 1388; x_wconf 90' lang='lat' dir='ltr'>I</span> <span class='ocrx_word' id='word_1_99' title='bbox 986 1380 1001 1402; x_wconf 84' lang='lat'>,</span> <span class='ocrx_word' id='word_1_100' title='bbox 1042 1359 1085 1405; x_wconf 79' lang='lat'>3.</span> 
     </span>
    </p>

    <p class='ocr_par' dir='ltr' id='par_1_11' title="bbox 251 1404 1205 1490">
     <span class='ocr_line' id='line_1_18' title="bbox 251 1404 1205 1490; baseline 0.001 -36"><span class='ocrx_word' id='word_1_101' title='bbox 251 1404 402 1455; x_wconf 72' lang='lat' dir='ltr'>Rhodi</span> <span class='ocrx_word' id='word_1_102' title='bbox 429 1422 658 1472; x_wconf 80' lang='lat' dir='ltr'>agentem.</span> <span class='ocrx_word' id='word_1_103' title='bbox 697 1407 848 1490; x_wconf 62' lang='lat' dir='ltr'>Supra</span> <span class='ocrx_word' id='word_1_104' title='bbox 881 1408 1056 1455; x_wconf 85' lang='lat' dir='ltr'>Annal.</span> <span class='ocrx_word' id='word_1_105' title='bbox 1079 1408 1131 1468; x_wconf 87' lang='lat' dir='ltr'>I,</span> <span class='ocrx_word' id='word_1_106' title='bbox 1157 1425 1205 1466; x_wconf 88' lang='lat'>4.</span> 
     </span>
    </p>

    <p class='ocr_par' dir='ltr' id='par_1_12' title="bbox 251 1470 1220 1539">
     <span class='ocr_line' id='line_1_19' title="bbox 251 1470 1220 1539; baseline -0.003 -17"><span class='ocrx_word' id='word_1_107' title='bbox 251 1470 320 1522; x_wconf 77' lang='lat' dir='ltr'>Ut</span> <span class='ocrx_word' id='word_1_108' title='bbox 338 1473 602 1524; x_wconf 81' lang='lat' dir='ltr'><em>memoravi.</em></span> <span class='ocrx_word' id='word_1_109' title='bbox 637 1473 787 1539; x_wconf 83' lang='lat' dir='ltr'>Supra</span> <span class='ocrx_word' id='word_1_110' title='bbox 811 1472 1107 1533; x_wconf 87' lang='lat' dir='ltr'>Anna1.III,</span> <span class='ocrx_word' id='word_1_111' title='bbox 1142 1492 1220 1520; x_wconf 82' lang='lat'>22.</span> 
     </span>
    </p>
   </div>
   <div class='ocr_carea' id='block_1_7' title="bbox 250 1601 1319 1672">
    <p class='ocr_par' dir='ltr' id='par_1_13' title="bbox 250 1601 1319 1672">
     <span class='ocr_line' id='line_1_20' title="bbox 250 1601 1319 1672; baseline 0 -20"><span class='ocrx_word' id='word_1_112' title='bbox 250 1601 378 1653; x_wconf 78' lang='lat' dir='ltr'><strong>CAP.</strong></span> <span class='ocrx_word' id='word_1_113' title='bbox 402 1601 590 1655; x_wconf 92' lang='lat' dir='ltr'>XLIX.</span> <span class='ocrx_word' id='word_1_114' title='bbox 621 1604 770 1672; x_wconf 83' lang='lat' dir='ltr'>AEgro</span> <span class='ocrx_word' id='word_1_115' title='bbox 792 1602 967 1670; x_wconf 82' lang='lat' dir='ltr'>Druso.</span> <span class='ocrx_word' id='word_1_116' title='bbox 1000 1602 1174 1653; x_wconf 86' lang='lat' dir='ltr'>Tiberii</span> <span class='ocrx_word' id='word_1_117' title='bbox 1203 1601 1319 1653; x_wconf 89' lang='lat' dir='ltr'>filio.</span> 
     </span>
    </p>
   </div>
   <div class='ocr_carea' id='block_1_8' title="bbox 186 1734 1464 2002">
    <p class='ocr_par' dir='ltr' id='par_1_14' title="bbox 186 1734 1464 1919">
     <span class='ocr_line' id='line_1_21' title="bbox 254 1734 1462 1803; baseline 0 -19"><span class='ocrx_word' id='word_1_118' title='bbox 254 1735 380 1785; x_wconf 76' lang='lat' dir='ltr'><strong>CAP.</strong></span> <span class='ocrx_word' id='word_1_119' title='bbox 407 1735 467 1784; x_wconf 94' lang='lat' dir='ltr'>L.</span> <span class='ocrx_word' id='word_1_120' title='bbox 504 1735 581 1786; x_wconf 90' lang='lat' dir='ltr'>Ne</span> <span class='ocrx_word' id='word_1_121' title='bbox 596 1735 791 1800; x_wconf 74' lang='lat' dir='ltr'><em>serviles</em></span> <span class='ocrx_word' id='word_1_122' title='bbox 819 1736 994 1803; x_wconf 77' lang='lat' dir='ltr'>quidem</span> <span class='ocrx_word' id='word_1_123' title='bbox 1029 1735 1280 1786; x_wconf 78' lang='lat' dir='ltr'>cruciatus.</span> <span class='ocrx_word' id='word_1_124' title='bbox 1328 1734 1462 1784; x_wconf 74' lang='lat' dir='ltr'>Tor-</span> 
     </span>
     <span class='ocr_line' id='line_1_22' title="bbox 186 1802 1464 1871; baseline 0.002 -21"><span class='ocrx_word' id='word_1_125' title='bbox 186 1817 344 1850; x_wconf 84' lang='lat' dir='ltr'>menta</span> <span class='ocrx_word' id='word_1_126' title='bbox 363 1841 377 1863; x_wconf 87' lang='lat'>,</span> <span class='ocrx_word' id='word_1_127' title='bbox 409 1802 615 1868; x_wconf 85' lang='lat' dir='ltr'>patibula</span> <span class='ocrx_word' id='word_1_128' title='bbox 635 1843 648 1865; x_wconf 86' lang='lat'>,</span> <span class='ocrx_word' id='word_1_129' title='bbox 683 1821 838 1853; x_wconf 88' lang='lat' dir='ltr'>cruces</span> <span class='ocrx_word' id='word_1_130' title='bbox 856 1843 870 1865; x_wconf 85' lang='lat'><em>,</em></span> <span class='ocrx_word' id='word_1_131' title='bbox 913 1806 1084 1871; x_wconf 83' lang='lat' dir='ltr'>aliique</span> <span class='ocrx_word' id='word_1_132' title='bbox 1114 1802 1161 1851; x_wconf 84' lang='lat' dir='ltr'>id</span> <span class='ocrx_word' id='word_1_133' title='bbox 1193 1820 1338 1870; x_wconf 81' lang='lat' dir='ltr'>genus</span> <span class='ocrx_word' id='word_1_134' title='bbox 1369 1802 1464 1852; x_wconf 77' lang='lat' dir='ltr'>ser-</span> 
     </span>
     <span class='ocr_line' id='line_1_23' title="bbox 186 1884 621 1919; baseline -0.005 0"><span class='ocrx_word' id='word_1_135' title='bbox 186 1884 353 1919; x_wconf 77' lang='lat' dir='ltr'>vorum</span> <span class='ocrx_word' id='word_1_136' title='bbox 383 1885 621 1917; x_wconf 80' lang='lat' dir='ltr'>cruciatus·</span> 
     </span>
    </p>

    <p class='ocr_par' dir='ltr' id='par_1_15' title="bbox 250 1932 1239 2002">
     <span class='ocr_line' id='line_1_24' title="bbox 250 1932 1239 2002; baseline -0.004 -18"><span class='ocrx_word' id='word_1_137' title='bbox 250 1932 632 2000; x_wconf 81' lang='lat' dir='ltr'>Conquerentem.</span> <span class='ocrx_word' id='word_1_138' title='bbox 669 1934 820 2002; x_wconf 63' lang='lat' dir='ltr'>Supra}</span> <span class='ocrx_word' id='word_1_139' title='bbox 845 1935 1020 1984; x_wconf 82' lang='lat' dir='ltr'>Annal.</span> <span class='ocrx_word' id='word_1_140' title='bbox 1042 1933 1120 1996; x_wconf 85' lang='grc' dir='ltr'>ΙΙ,</span> <span class='ocrx_word' id='word_1_141' title='bbox 1158 1948 1239 1998; x_wconf 84' lang='lat'>31.</span> 
     </span>
    </p>
   </div>
   <div class='ocr_carea' id='block_1_9' title="bbox 249 2063 1553 2131">
    <p class='ocr_par' dir='ltr' id='par_1_16' title="bbox 249 2063 1553 2131">
     <span class='ocr_line' id='line_1_25' title="bbox 249 2063 1553 2131; baseline 0 -17"><span class='ocrx_word' id='word_1_142' title='bbox 249 2063 376 2114; x_wconf 78' lang='lat' dir='ltr'><strong>CAP.</strong></span> <span class='ocrx_word' id='word_1_143' title='bbox 401 2065 507 2113; x_wconf 90' lang='lat' dir='ltr'>LII.</span> <span class='ocrx_word' id='word_1_144' title='bbox 542 2066 807 2131; x_wconf 71' lang='lat' dir='ltr'>Immenfitm</span> <span class='ocrx_word' id='word_1_145' title='bbox 839 2078 1123 2128; x_wconf 72' lang='lat' dir='ltr'>proruperat.</span> <span class='ocrx_word' id='word_1_146' title='bbox 1164 2063 1325 2128; x_wconf 84' lang='lat' dir='ltr'>Quam</span> <span class='ocrx_word' id='word_1_147' title='bbox 1366 2066 1463 2114; x_wconf 77' lang='lat' dir='ltr'>im·</span> <span class='ocrx_word' id='word_1_148' title='bbox 1547 2119 1553 2124; x_wconf 22' lang='grc'><em>1</em></span> 
     </span>
    </p>
   </div>
   <div class='ocr_carea' id='block_1_10' title="bbox 168 2130 1462 2333">
    <p class='ocr_par' dir='ltr' id='par_1_17' title="bbox 168 2130 1462 2333">
     <span class='ocr_line' id='line_1_26' title="bbox 183 2130 1462 2199; baseline 0 -19"><span class='ocrx_word' id='word_1_149' title='bbox 183 2130 396 2180; x_wconf 73' lang='lat' dir='ltr'>mensum</span> <span class='ocrx_word' id='word_1_150' title='bbox 416 2133 540 2198; x_wconf 87' lang='lat' dir='ltr'>apud</span> <span class='ocrx_word' id='word_1_151' title='bbox 562 2134 800 2182; x_wconf 75' lang='lat' dir='ltr'>Romanos</span> <span class='ocrx_word' id='word_1_152' title='bbox 821 2133 950 2181; x_wconf 83' lang='lat' dir='ltr'>luxus</span> <span class='ocrx_word' id='word_1_153' title='bbox 973 2135 1267 2198; x_wconf 85' lang='lat' dir='ltr'>proruperit,</span> <span class='ocrx_word' id='word_1_154' title='bbox 1293 2138 1338 2179; x_wconf 75' lang='grc' dir='ltr'>δε</span> <span class='ocrx_word' id='word_1_155' title='bbox 1358 2150 1462 2199; x_wconf 88' lang='lat' dir='ltr'>quae</span> 
     </span>
     <span class='ocr_line' id='line_1_27' title="bbox 185 2198 1458 2264; baseline 0 -18"><span class='ocrx_word' id='word_1_156' title='bbox 185 2198 271 2246; x_wconf 82' lang='lat' dir='ltr'>sint</span> <span class='ocrx_word' id='word_1_157' title='bbox 320 2199 369 2246; x_wconf 91' lang='lat' dir='ltr'>in</span> <span class='ocrx_word' id='word_1_158' title='bbox 399 2202 552 2264; x_wconf 83' lang='lat' dir='ltr'>regnis</span> <span class='ocrx_word' id='word_1_159' title='bbox 586 2205 630 2247; x_wconf 86' lang='lat'>&amp;</span> <span class='ocrx_word' id='word_1_160' title='bbox 653 2202 701 2248; x_wconf 90' lang='lat' dir='ltr'>in</span> <span class='ocrx_word' id='word_1_161' title='bbox 733 2198 1053 2263; x_wconf 14' lang='lat' dir='ltr'>rebuspubblicis</span> <span class='ocrx_word' id='word_1_162' title='bbox 1086 2199 1216 2246; x_wconf 66' lang='lat' dir='ltr'>luxus</span> <span class='ocrx_word' id='word_1_163' title='bbox 1246 2199 1458 2247; x_wconf 81' lang='lat' dir='ltr'>utilitates</span> 
     </span>
     <span class='ocr_line' id='line_1_28' title="bbox 168 2264 1456 2333; baseline 0 -21"><span class='ocrx_word' id='word_1_164' title='bbox 168 2292 170 2294; x_wconf 33' lang='lat' dir='ltr'>v</span> <span class='ocrx_word' id='word_1_165' title='bbox 182 2279 261 2312; x_wconf 89' lang='lat' dir='ltr'>aut</span> <span class='ocrx_word' id='word_1_166' title='bbox 270 2264 568 2313; x_wconf 84' lang='lat' dir='ltr'>incommoda</span> <span class='ocrx_word' id='word_1_167' title='bbox 583 2266 797 2333; x_wconf 72' lang='lat' dir='ltr'>singulari</span> <span class='ocrx_word' id='word_1_168' title='bbox 809 2264 1114 2313; x_wconf 78' lang='lat' dir='ltr'>dissertatione</span> <span class='ocrx_word' id='word_1_169' title='bbox 1124 2264 1456 2328; x_wconf 82' lang='lat' dir='ltr'>explicavimus</span> 
     </span>
    </p>
   </div>
   <div class='ocr_carea' id='block_1_11' title="bbox 182 2328 1390 2396">
    <p class='ocr_par' dir='ltr' id='par_1_18' title="bbox 182 2328 1390 2396">
     <span class='ocr_line' id='line_1_29' title="bbox 182 2328 1390 2396; baseline 0.002 -18"><span class='ocrx_word' id='word_1_170' title='bbox 182 2331 233 2378; x_wconf 89' lang='lat' dir='ltr'>in</span> <span class='ocrx_word' id='word_1_171' title='bbox 256 2332 410 2395; x_wconf 87' lang='lat' dir='ltr'>priore</span> <span class='ocrx_word' id='word_1_172' title='bbox 436 2331 632 2380; x_wconf 84' lang='lat' dir='ltr'>editione</span> <span class='ocrx_word' id='word_1_173' title='bbox 651 2372 665 2394; x_wconf 83' lang='lat'>‚</span> <span class='ocrx_word' id='word_1_174' title='bbox 695 2331 837 2380; x_wconf 87' lang='lat' dir='ltr'>Tom.</span> <span class='ocrx_word' id='word_1_175' title='bbox 857 2331 906 2393; x_wconf 89' lang='lat' dir='ltr'>I,</span> <span class='ocrx_word' id='word_1_176' title='bbox 932 2347 1046 2396; x_wconf 75' lang='lat' dir='ltr'>pag.</span> <span class='ocrx_word' id='word_1_177' title='bbox 1073 2347 1174 2394; x_wconf 82' lang='lat'>402</span> <span class='ocrx_word' id='word_1_178' title='bbox 1204 2328 1253 2377; x_wconf 65' lang='grc' dir='ltr'>θ’</span> <span class='ocrx_word' id='word_1_179' title='bbox 1264 2331 1390 2396; x_wconf 78' lang='lat' dir='ltr'>seqq.</span> 
     </span>
    </p>
   </div>
   <div class='ocr_carea' id='block_1_12' title="bbox 184 2449 1465 2662">
    <p class='ocr_par' dir='ltr' id='par_1_19' title="bbox 184 2449 1465 2662">
     <span class='ocr_line' id='line_1_30' title="bbox 250 2449 1462 2525; baseline -0.002 -16"><span class='ocrx_word' id='word_1_180' title='bbox 250 2460 374 2509; x_wconf 80' lang='lat' dir='ltr'><strong>CAP.</strong></span> <span class='ocrx_word' id='word_1_181' title='bbox 393 2461 522 2510; x_wconf 93' lang='lat' dir='ltr'>LIII.</span> <span class='ocrx_word' id='word_1_182' title='bbox 550 2461 699 2510; x_wconf 72' lang='lat' dir='ltr'>Unius</span> <span class='ocrx_word' id='word_1_183' title='bbox 719 2460 910 2513; x_wconf 74' lang='grc' dir='ltr'><em>ἱηνὶἅὶά.</em></span> <span class='ocrx_word' id='word_1_184' title='bbox 952 2462 1106 2511; x_wconf 87' lang='lat' dir='ltr'>Unius</span> <span class='ocrx_word' id='word_1_185' title='bbox 1119 2449 1355 2525; x_wconf 69' lang='lat' dir='ltr'>⁴Principis</span> <span class='ocrx_word' id='word_1_186' title='bbox 1385 2460 1462 2506; x_wconf 91' lang='lat' dir='ltr'>in·-</span> 
     </span>
     <span class='ocr_line' id='line_1_31' title="bbox 186 2526 1465 2593; baseline 0.002 -19"><span class='ocrx_word' id='word_1_187' title='bbox 186 2527 309 2575; x_wconf 61' lang='lat' dir='ltr'>vidia</span> <span class='ocrx_word' id='word_1_188' title='bbox 340 2529 397 2574; x_wconf 88' lang='lat' dir='ltr'>ab</span> <span class='ocrx_word' id='word_1_189' title='bbox 432 2528 645 2575; x_wconf 87' lang='lat' dir='ltr'>omnibus</span> <span class='ocrx_word' id='word_1_190' title='bbox 667 2546 920 2593; x_wconf 88' lang='lat' dir='ltr'>peccatur:</span> <span class='ocrx_word' id='word_1_191' title='bbox 958 2531 1176 2579; x_wconf 85' lang='lat' dir='ltr'>omnium</span> <span class='ocrx_word' id='word_1_192' title='bbox 1210 2526 1465 2577; x_wconf 60' lang='lat' dir='ltr'>delifiauni</span> 
     </span>
     <span class='ocr_line' id='line_1_32' title="bbox 184 2591 726 2662; baseline 0.004 -20"><span class='ocrx_word' id='word_1_193' title='bbox 184 2591 400 2662; x_wconf 76' lang='lat' dir='ltr'>Principi</span> <span class='ocrx_word' id='word_1_194' title='bbox 430 2597 726 2660; x_wconf 81' lang='lat' dir='ltr'>imputantur.</span> 
     </span>
    </p>
   </div>
   <div class='ocr_carea' id='block_1_13' title="bbox 1612 0 1676 910">
    <p class='ocr_par' dir='ltr' id='par_1_20' title="bbox 1612 0 1676 910">
     <span class='ocr_line' id='line_1_33' title="bbox 1612 0 1676 910; baseline 0 0"><span class='ocrx_word' id='word_1_195' title='bbox 1612 0 1676 910; x_wconf 95' lang='lat' dir='ltr'> </span> 
     </span>
    </p>
   </div>
  </div>
 </body>
</html>
