<?xml version="1.0" encoding="UTF-8"?>
<!DOCTYPE html PUBLIC "-//W3C//DTD XHTML 1.0 Transitional//EN"
    "http://www.w3.org/TR/xhtml1/DTD/xhtml1-transitional.dtd">
<html xmlns="http://www.w3.org/1999/xhtml" xml:lang="en" lang="en">
 <head>
  <title>
</title>
<meta http-equiv="Content-Type" content="text/html;charset=utf-8" />
  <meta name='ocr-system' content='tesseract 3.04.00' />
  <meta name='ocr-capabilities' content='ocr_page ocr_carea ocr_par ocr_line ocrx_word'/>
</head>
<body>
  <div class='ocr_page' id='page_1' title='image "./ccorneliitacitio01taci_0281.png"; bbox 0 0 1655 3088; ppageno 0'>
   <div class='ocr_carea' id='block_1_1' title="bbox 0 0 32 2729">
    <p class='ocr_par' dir='ltr' id='par_1_1' title="bbox 0 0 32 2729">
     <span class='ocr_line' id='line_1_1' title="bbox 0 0 32 239; baseline 0 0"><span class='ocrx_word' id='word_1_1' title='bbox 0 0 32 239; x_wconf 95' lang='lat' dir='ltr'>  </span> 
     </span>
     <span class='ocr_line' id='line_1_2' title="bbox 0 239 28 566; baseline 0 -211"><span class='ocrx_word' id='word_1_2' title='bbox 0 239 28 566; x_wconf 95' lang='lat' dir='ltr'>     </span> 
     </span>
     <span class='ocr_line' id='line_1_3' title="bbox 0 681 24 1539; baseline 0 -224"><span class='ocrx_word' id='word_1_3' title='bbox 0 681 24 1539; x_wconf 95' lang='lat' dir='ltr'>    </span> 
     </span>
     <span class='ocr_line' id='line_1_4' title="bbox 0 1539 21 1820; baseline 0 0"><span class='ocrx_word' id='word_1_4' title='bbox 0 1539 21 1820; x_wconf 95' lang='lat' dir='ltr'>  </span> 
     </span>
     <span class='ocr_line' id='line_1_5' title="bbox 0 1820 19 2319; baseline 0 -373"><span class='ocrx_word' id='word_1_5' title='bbox 0 1820 19 2319; x_wconf 95' lang='lat' dir='ltr'>  </span> 
     </span>
     <span class='ocr_line' id='line_1_6' title="bbox 6 2535 24 2729; baseline 0 359"><span class='ocrx_word' id='word_1_6' title='bbox 6 2535 24 2729; x_wconf 95' lang='lat' dir='ltr'> </span> 
     </span>
    </p>
   </div>
   <div class='ocr_carea' id='block_1_2' title="bbox 225 109 1248 189">
    <p class='ocr_par' dir='ltr' id='par_1_2' title="bbox 225 109 1248 189">
     <span class='ocr_line' id='line_1_7' title="bbox 225 109 1248 189; baseline -0.027 0"><span class='ocrx_word' id='word_1_7' title='bbox 225 135 685 189; x_wconf 76' lang='lat' dir='ltr'>ANNALIUM</span> <span class='ocrx_word' id='word_1_8' title='bbox 728 109 1010 170; x_wconf 73' lang='lat' dir='ltr'>L1n.11.</span> <span class='ocrx_word' id='word_1_9' title='bbox 1141 119 1248 182; x_wconf 83' lang='lat'>151</span> 
     </span>
    </p>
   </div>
   <div class='ocr_carea' id='block_1_3' title="bbox 26 201 1479 981">
    <p class='ocr_par' dir='ltr' id='par_1_3' title="bbox 26 201 1479 875">
     <span class='ocr_line' id='line_1_8' title="bbox 27 201 1477 310; baseline -0.03 -18"><span class='ocrx_word' id='word_1_10' title='bbox 27 231 147 292; x_wconf 63' lang='lat' dir='ltr'>“um</span> <span class='ocrx_word' id='word_1_11' title='bbox 182 249 281 310; x_wconf 89' lang='lat' dir='ltr'>pro</span> <span class='ocrx_word' id='word_1_12' title='bbox 314 213 684 281; x_wconf 88' lang='lat' dir='ltr'>munimentis</span> <span class='ocrx_word' id='word_1_13' title='bbox 714 206 919 274; x_wconf 89' lang='lat' dir='ltr'>castelli</span> <span class='ocrx_word' id='word_1_14' title='bbox 943 201 1258 286; x_wconf 87' lang='lat' dir='ltr'>manipulos</span> <span class='ocrx_word' id='word_1_15' title='bbox 1283 209 1477 252; x_wconf 54' lang='grc' dir='ltr'>ΞΞ</span> 
     </span>
     <span class='ocr_line' id='line_1_9' title="bbox 27 265 1479 398; baseline -0.027 -23"><span class='ocrx_word' id='word_1_16' title='bbox 27 314 263 398; x_wconf 83' lang='lat' dir='ltr'>xplicat,</span> <span class='ocrx_word' id='word_1_17' title='bbox 302 303 445 364; x_wconf 89' lang='lat' dir='ltr'>colle</span> <span class='ocrx_word' id='word_1_18' title='bbox 483 299 658 360; x_wconf 86' lang='lat' dir='ltr'>arduo</span> <span class='ocrx_word' id='word_1_19' title='bbox 698 305 757 356; x_wconf 70' lang='grc' dir='ltr'>δε</span> <span class='ocrx_word' id='word_1_20' title='bbox 800 292 1082 373; x_wconf 80' lang='lat' dir='ltr'>derupto3</span> <span class='ocrx_word' id='word_1_21' title='bbox 1124 308 1258 344; x_wconf 90' lang='lat' dir='ltr'>nam</span> <span class='ocrx_word' id='word_1_22' title='bbox 1285 269 1336 308; x_wconf 82' lang='lat' dir='ltr'>A.</span> <span class='ocrx_word' id='word_1_23' title='bbox 1355 269 1405 306; x_wconf 78' lang='lat' dir='ltr'>U·</span> <span class='ocrx_word' id='word_1_24' title='bbox 1426 265 1479 306; x_wconf 86' lang='lat' dir='ltr'>C.</span> 
     </span>
     <span class='ocr_line' id='line_1_10' title="bbox 28 345 1447 469; baseline -0.027 -11"><span class='ocrx_word' id='word_1_25' title='bbox 28 418 174 460; x_wconf 89' lang='lat' dir='ltr'>etera</span> <span class='ocrx_word' id='word_1_26' title='bbox 204 390 346 451; x_wconf 85' lang='lat' dir='ltr'>mati</span> <span class='ocrx_word' id='word_1_27' title='bbox 367 388 683 469; x_wconf 85' lang='lat' dir='ltr'>cinguntur.</span> <span class='ocrx_word' id='word_1_28' title='bbox 726 375 945 438; x_wconf 73' lang='lat' dir='ltr'>Contra</span> <span class='ocrx_word' id='word_1_29' title='bbox 968 369 1219 433; x_wconf 84' lang='lat' dir='ltr'>veterani</span> <span class='ocrx_word' id='word_1_30' title='bbox 1243 415 1260 440; x_wconf 89' lang='lat'>‚</span> <span class='ocrx_word' id='word_1_31' title='bbox 1332 345 1447 448; x_wconf 45' lang='grc' dir='ltr'>ἵζ’</span> 
     </span>
     <span class='ocr_line' id='line_1_11' title="bbox 33 452 1427 540; baseline -0.025 0"><span class='ocrx_word' id='word_1_32' title='bbox 33 478 280 540; x_wconf 80' lang='lat' dir='ltr'>rdinibus</span> <span class='ocrx_word' id='word_1_33' title='bbox 307 496 367 532; x_wconf 88' lang='lat' dir='ltr'>ac</span> <span class='ocrx_word' id='word_1_34' title='bbox 392 467 642 530; x_wconf 82' lang='lat' dir='ltr'>subsidiis</span> <span class='ocrx_word' id='word_1_35' title='bbox 667 461 948 522; x_wconf 53' lang='lat' dir='ltr'>instituerit</span> <span class='ocrx_word' id='word_1_36' title='bbox 985 455 1117 516; x_wconf 87' lang='lat' dir='ltr'>hinc</span> <span class='ocrx_word' id='word_1_37' title='bbox 1152 452 1265 511; x_wconf 87' lang='lat' dir='ltr'>mi-</span> <span class='ocrx_word' id='word_1_38' title='bbox 1349 487 1427 530; x_wconf 84' lang='lat'>19·</span> 
     </span>
     <span class='ocr_line' id='line_1_12' title="bbox 26 537 1270 633; baseline -0.025 -9"><span class='ocrx_word' id='word_1_39' title='bbox 26 567 160 624; x_wconf 83' lang='lat' dir='ltr'>&#39;tum</span> <span class='ocrx_word' id='word_1_40' title='bbox 183 609 199 633; x_wconf 87' lang='lat'>‚</span> <span class='ocrx_word' id='word_1_41' title='bbox 242 557 374 618; x_wconf 87' lang='lat' dir='ltr'>inde</span> <span class='ocrx_word' id='word_1_42' title='bbox 400 555 657 613; x_wconf 80' lang='lat' dir='ltr'>locorum</span> <span class='ocrx_word' id='word_1_43' title='bbox 683 545 938 630; x_wconf 80' lang='lat' dir='ltr'>asperitas</span> <span class='ocrx_word' id='word_1_44' title='bbox 963 565 977 600; x_wconf 91' lang='lat'>·.-</span> <span class='ocrx_word' id='word_1_45' title='bbox 1020 537 1117 599; x_wconf 84' lang='lat' dir='ltr'>sed</span> <span class='ocrx_word' id='word_1_46' title='bbox 1150 558 1270 595; x_wconf 90' lang='lat' dir='ltr'>non</span> 
     </span>
     <span class='ocr_line' id='line_1_13' title="bbox 26 617 1274 719; baseline -0.025 -12"><span class='ocrx_word' id='word_1_47' title='bbox 26 647 216 707; x_wconf 82' lang='lat' dir='ltr'>nimus</span> <span class='ocrx_word' id='word_1_48' title='bbox 239 690 255 716; x_wconf 85' lang='lat'>,</span> <span class='ocrx_word' id='word_1_49' title='bbox 299 663 415 699; x_wconf 88' lang='lat' dir='ltr'>non</span> <span class='ocrx_word' id='word_1_50' title='bbox 454 634 570 719; x_wconf 83' lang='lat' dir='ltr'>spes</span> <span class='ocrx_word' id='word_1_51' title='bbox 594 682 610 707; x_wconf 88' lang='lat'>,</span> <span class='ocrx_word' id='word_1_52' title='bbox 647 655 719 691; x_wconf 89' lang='lat' dir='ltr'>ne</span> <span class='ocrx_word' id='word_1_53' title='bbox 756 629 867 690; x_wconf 87' lang='lat' dir='ltr'>tela</span> <span class='ocrx_word' id='word_1_54' title='bbox 895 623 1132 708; x_wconf 90' lang='lat' dir='ltr'>quidem</span> <span class='ocrx_word' id='word_1_55' title='bbox 1168 617 1274 678; x_wconf 76' lang='lat' dir='ltr'>nifi</span> 
     </span>
     <span class='ocr_line' id='line_1_14' title="bbox 26 705 1277 814; baseline -0.022 -27"><span class='ocrx_word' id='word_1_56' title='bbox 26 729 227 814; x_wconf 80' lang='lat' dir='ltr'>,grestia</span> <span class='ocrx_word' id='word_1_57' title='bbox 243 774 258 800; x_wconf 84' lang='lat'>‚</span> <span class='ocrx_word' id='word_1_58' title='bbox 287 723 356 784; x_wconf 88' lang='lat' dir='ltr'>ad</span> <span class='ocrx_word' id='word_1_59' title='bbox 382 719 629 781; x_wconf 87' lang='lat' dir='ltr'>subitum</span> <span class='ocrx_word' id='word_1_60' title='bbox 650 712 811 774; x_wconf 89' lang='lat' dir='ltr'>usum</span> <span class='ocrx_word' id='word_1_61' title='bbox 835 726 1144 795; x_wconf 84' lang='lat' dir='ltr'>properata.</span> <span class='ocrx_word' id='word_1_62' title='bbox 1189 705 1277 762; x_wconf 83' lang='lat' dir='ltr'>Ut</span> 
     </span>
     <span class='ocr_line' id='line_1_15' title="bbox 26 791 1277 875; baseline -0.023 -2"><span class='ocrx_word' id='word_1_63' title='bbox 26 812 201 874; x_wconf 59' lang='lat' dir='ltr'>&#39;essere</span> <span class='ocrx_word' id='word_1_64' title='bbox 230 810 289 868; x_wconf 89' lang='lat' dir='ltr'>in</span> <span class='ocrx_word' id='word_1_65' title='bbox 318 812 514 866; x_wconf 81' lang='lat' dir='ltr'>manus</span> <span class='ocrx_word' id='word_1_66' title='bbox 539 848 555 875; x_wconf 90' lang='lat'>,</span> <span class='ocrx_word' id='word_1_67' title='bbox 596 822 713 858; x_wconf 86' lang='lat' dir='ltr'>non</span> <span class='ocrx_word' id='word_1_68' title='bbox 742 795 887 856; x_wconf 67' lang='lat' dir='ltr'>ultra</span> <span class='ocrx_word' id='word_1_69' title='bbox 912 791 1232 853; x_wconf 81' lang='lat' dir='ltr'>dubitatum</span> <span class='ocrx_word' id='word_1_70' title='bbox 1257 831 1277 857; x_wconf 90' lang='lat'>‚</span> 
     </span>
    </p>

    <p class='ocr_par' dir='ltr' id='par_1_4' title="bbox 26 877 1278 981">
     <span class='ocr_line' id='line_1_16' title="bbox 26 877 1278 981; baseline -0.023 -25"><span class='ocrx_word' id='word_1_71' title='bbox 26 895 174 981; x_wconf 58' lang='lat' dir='ltr'>judin</span> <span class='ocrx_word' id='word_1_72' title='bbox 211 890 350 950; x_wconf 88' lang='lat' dir='ltr'>dum</span> <span class='ocrx_word' id='word_1_73' title='bbox 373 889 644 948; x_wconf 63' lang='lat' dir='ltr'>Romanae</span> <span class='ocrx_word' id='word_1_74' title='bbox 674 880 933 941; x_wconf 75' lang='lat' dir='ltr'>cohortes</span> <span class='ocrx_word' id='word_1_75' title='bbox 967 877 1026 935; x_wconf 89' lang='lat' dir='ltr'>in</span> <span class='ocrx_word' id='word_1_76' title='bbox 1054 892 1278 953; x_wconf 85' lang='lat' dir='ltr'>aequum</span> 
     </span>
    </p>
   </div>
   <div class='ocr_carea' id='block_1_4' title="bbox 25 953 1282 1048">
    <p class='ocr_par' dir='ltr' id='par_1_5' title="bbox 25 953 1282 1048">
     <span class='ocr_line' id='line_1_17' title="bbox 25 953 1282 1048; baseline -0.021 -9"><span class='ocrx_word' id='word_1_77' title='bbox 25 995 348 1039; x_wconf 71' lang='lat' dir='ltr'>eniterentur</span> <span class='ocrx_word' id='word_1_78' title='bbox 371 987 633 1031; x_wconf 76' lang='lat' dir='ltr'>:vertunt</span> <span class='ocrx_word' id='word_1_79' title='bbox 657 986 814 1048; x_wconf 84' lang='lat' dir='ltr'>terga</span> <span class='ocrx_word' id='word_1_80' title='bbox 835 960 1046 1023; x_wconf 85' lang='lat' dir='ltr'>Cilices</span> <span class='ocrx_word' id='word_1_81' title='bbox 1069 1005 1086 1031; x_wconf 81' lang='grc'>,</span> <span class='ocrx_word' id='word_1_82' title='bbox 1111 953 1282 1035; x_wconf 87' lang='lat' dir='ltr'>seque</span> 
     </span>
    </p>
   </div>
   <div class='ocr_carea' id='block_1_5' title="bbox 25 1054 1287 1206">
    <p class='ocr_par' dir='ltr' id='par_1_6' title="bbox 25 1054 1287 1206">
     <span class='ocr_line' id='line_1_18' title="bbox 25 1054 542 1124; baseline -0.019 -2"><span class='ocrx_word' id='word_1_83' title='bbox 25 1059 227 1124; x_wconf 86' lang='lat' dir='ltr'>:astello</span> <span class='ocrx_word' id='word_1_84' title='bbox 256 1054 542 1117; x_wconf 88' lang='lat' dir='ltr'>claudunt.</span> 
     </span>
     <span class='ocr_line' id='line_1_19' title="bbox 85 1116 1287 1206; baseline -0.023 0"><span class='ocrx_word' id='word_1_85' title='bbox 85 1143 362 1206; x_wconf 89' lang='lat' dir='ltr'>LXXXI.</span> <span class='ocrx_word' id='word_1_86' title='bbox 390 1142 660 1198; x_wconf 62' lang='lat' dir='ltr'>lxm-mm</span> <span class='ocrx_word' id='word_1_87' title='bbox 691 1128 814 1191; x_wconf 87' lang='lat' dir='ltr'>Piso</span> <span class='ocrx_word' id='word_1_88' title='bbox 843 1123 1068 1187; x_wconf 77' lang='lat' dir='ltr'>classem</span> <span class='ocrx_word' id='word_1_89' title='bbox 1089 1170 1105 1196; x_wconf 83' lang='grc'>,</span> <span class='ocrx_word' id='word_1_90' title='bbox 1133 1116 1287 1180; x_wconf 90' lang='lat' dir='ltr'>haud</span> 
     </span>
    </p>
   </div>
   <div class='ocr_carea' id='block_1_6' title="bbox 22 1204 1297 1559">
    <p class='ocr_par' dir='ltr' id='par_1_7' title="bbox 22 1204 1297 1559">
     <span class='ocr_line' id='line_1_20' title="bbox 25 1204 1290 1313; baseline -0.023 -24"><span class='ocrx_word' id='word_1_91' title='bbox 25 1226 201 1313; x_wconf 55' lang='lat' dir='ltr'>procul</span> <span class='ocrx_word' id='word_1_92' title='bbox 234 1223 626 1308; x_wconf 81' lang='lat' dir='ltr'>opperientem</span> <span class='ocrx_word' id='word_1_93' title='bbox 658 1264 675 1289; x_wconf 87' lang='lat'>‚</span> <span class='ocrx_word' id='word_1_94' title='bbox 724 1213 1046 1296; x_wconf 78' lang='lat' dir='ltr'>adpugnare</span> <span class='ocrx_word' id='word_1_95' title='bbox 1092 1204 1290 1265; x_wconf 86' lang='lat' dir='ltr'>frustra</span> 
     </span>
     <span class='ocr_line' id='line_1_21' title="bbox 24 1286 1292 1389; baseline -0.023 -16"><span class='ocrx_word' id='word_1_96' title='bbox 24 1311 245 1373; x_wconf 87' lang='lat' dir='ltr'>:entavit</span> <span class='ocrx_word' id='word_1_97' title='bbox 261 1334 273 1367; x_wconf 72' lang='grc' dir='ltr'>ε</span> <span class='ocrx_word' id='word_1_98' title='bbox 291 1301 668 1389; x_wconf 73' lang='lat' dir='ltr'>regressusque</span> <span class='ocrx_word' id='word_1_99' title='bbox 685 1347 700 1371; x_wconf 86' lang='lat'>‚</span> <span class='ocrx_word' id='word_1_100' title='bbox 721 1307 778 1358; x_wconf 66' lang='grc' dir='ltr'>δε</span> <span class='ocrx_word' id='word_1_101' title='bbox 797 1319 896 1378; x_wconf 88' lang='lat' dir='ltr'>pro</span> <span class='ocrx_word' id='word_1_102' title='bbox 919 1291 1090 1352; x_wconf 84' lang='lat' dir='ltr'>muris</span> <span class='ocrx_word' id='word_1_103' title='bbox 1111 1286 1292 1347; x_wconf 73' lang='lat' dir='ltr'>modo</span> 
     </span>
     <span class='ocr_line' id='line_1_22' title="bbox 22 1371 1292 1461; baseline -0.023 -4"><span class='ocrx_word' id='word_1_104' title='bbox 22 1395 188 1457; x_wconf 76' lang='lat' dir='ltr'>semet</span> <span class='ocrx_word' id='word_1_105' title='bbox 211 1387 571 1458; x_wconf 66' lang='lat' dir='ltr'>adflicstandQ</span> <span class='ocrx_word' id='word_1_106' title='bbox 592 1381 769 1441; x_wconf 75' lang='lat' dir='ltr'>modo</span> <span class='ocrx_word' id='word_1_107' title='bbox 793 1376 1034 1461; x_wconf 88' lang='lat' dir='ltr'>fingulos</span> <span class='ocrx_word' id='word_1_108' title='bbox 1053 1371 1292 1432; x_wconf 85' lang='lat' dir='ltr'>nomine</span> 
     </span>
     <span class='ocr_line' id='line_1_23' title="bbox 22 1462 1297 1559; baseline -0.022 -19"><span class='ocrx_word' id='word_1_109' title='bbox 22 1481 165 1540; x_wconf 81' lang='lat' dir='ltr'>ciens</span> <span class='ocrx_word' id='word_1_110' title='bbox 184 1525 202 1550; x_wconf 87' lang='lat'>‚</span> <span class='ocrx_word' id='word_1_111' title='bbox 241 1473 478 1559; x_wconf 73' lang='lat' dir='ltr'>praemiis</span> <span class='ocrx_word' id='word_1_112' title='bbox 498 1490 702 1530; x_wconf 89' lang='lat' dir='ltr'>vocans</span> <span class='ocrx_word' id='word_1_113' title='bbox 722 1513 738 1538; x_wconf 84' lang='lat'>,</span> <span class='ocrx_word' id='word_1_114' title='bbox 771 1462 1111 1524; x_wconf 79' lang='lat' dir='ltr'>seditionem</span> <span class='ocrx_word' id='word_1_115' title='bbox 1142 1478 1297 1537; x_wconf 76' lang='lat' dir='ltr'>coep-</span> 
     </span>
    </p>
   </div>
   <div class='ocr_carea' id='block_1_7' title="bbox 0 1697 1317 2542">
    <p class='ocr_par' dir='ltr' id='par_1_8' title="bbox 0 1697 1317 2542">
     <span class='ocr_line' id='line_1_24' title="bbox 21 1697 1301 1790; baseline -0.022 0"><span class='ocrx_word' id='word_1_116' title='bbox 21 1697 181 1790; x_wconf 69' lang='lat' dir='ltr'>Ti&#39;un</span> <span class='ocrx_word' id='word_1_117' title='bbox 227 1725 446 1786; x_wconf 87' lang='lat' dir='ltr'>Sentius</span> <span class='ocrx_word' id='word_1_118' title='bbox 488 1735 813 1777; x_wconf 80' lang='lat' dir='ltr'>ccoccanere</span> <span class='ocrx_word' id='word_1_119' title='bbox 857 1732 1065 1771; x_wconf 87' lang='lat' dir='ltr'>cornua</span> <span class='ocrx_word' id='word_1_120' title='bbox 1111 1703 1301 1764; x_wconf 85' lang='lat' dir='ltr'>tubas-</span> 
     </span>
     <span class='ocr_line' id='line_1_25' title="bbox 21 1787 1307 1893; baseline -0.021 -21"><span class='ocrx_word' id='word_1_121' title='bbox 21 1834 176 1893; x_wconf 78' lang='lat' dir='ltr'>:oque</span> <span class='ocrx_word' id='word_1_122' title='bbox 201 1857 218 1882; x_wconf 85' lang='grc'>,</span> <span class='ocrx_word' id='word_1_123' title='bbox 264 1817 320 1868; x_wconf 75' lang='grc' dir='ltr'>δε</span> <span class='ocrx_word' id='word_1_124' title='bbox 367 1804 482 1889; x_wconf 86' lang='lat' dir='ltr'>peti</span> <span class='ocrx_word' id='word_1_125' title='bbox 527 1821 834 1884; x_wconf 86' lang='lat' dir='ltr'>aggerem,</span> <span class='ocrx_word' id='word_1_126' title='bbox 877 1793 1018 1875; x_wconf 87' lang='lat' dir='ltr'>erigi</span> <span class='ocrx_word' id='word_1_127' title='bbox 1066 1787 1232 1848; x_wconf 85' lang='lat' dir='ltr'>scalas</span> <span class='ocrx_word' id='word_1_128' title='bbox 1257 1811 1307 1845; x_wconf 49' lang='grc' dir='ltr'>»ἢ</span> 
     </span>
     <span class='ocr_line' id='line_1_26' title="bbox 25 1870 1304 1980; baseline -0.022 -24"><span class='ocrx_word' id='word_1_129' title='bbox 25 1894 167 1980; x_wconf 82' lang='lat' dir='ltr'>juffit</span> <span class='ocrx_word' id='word_1_130' title='bbox 189 1941 206 1966; x_wconf 88' lang='lat'>‚</span> <span class='ocrx_word' id='word_1_131' title='bbox 239 1920 272 1944; x_wconf 80' lang='lat' dir='ltr'>cc</span> <span class='ocrx_word' id='word_1_132' title='bbox 292 1914 355 1950; x_wconf 87' lang='lat' dir='ltr'>ac</span> <span class='ocrx_word' id='word_1_133' title='bbox 379 1881 851 1970; x_wconf 82' lang='lat' dir='ltr'>promptissimum</span> <span class='ocrx_word' id='word_1_134' title='bbox 875 1895 1162 1959; x_wconf 87' lang='lat' dir='ltr'>quemque</span> <span class='ocrx_word' id='word_1_135' title='bbox 1186 1870 1304 1930; x_wconf 84' lang='lat' dir='ltr'>suc-</span> 
     </span>
     <span class='ocr_line' id='line_1_27' title="bbox 26 1956 1305 2051; baseline -0.02 -15"><span class='ocrx_word' id='word_1_136' title='bbox 26 1977 270 2038; x_wconf 62' lang='lat' dir='ltr'>»cedere</span> <span class='ocrx_word' id='word_1_137' title='bbox 295 2000 308 2033; x_wconf 89' lang='lat'>:</span> <span class='ocrx_word' id='word_1_138' title='bbox 337 1972 474 2051; x_wconf 79' lang='lat' dir='ltr'>alios</span> <span class='ocrx_word' id='word_1_139' title='bbox 497 1965 795 2030; x_wconf 85' lang='lat' dir='ltr'>tormentis</span> <span class='ocrx_word' id='word_1_140' title='bbox 824 1963 995 2021; x_wconf 85' lang='lat' dir='ltr'>hastas</span> <span class='ocrx_word' id='word_1_141' title='bbox 1020 2007 1036 2032; x_wconf 85' lang='lat'>‚</span> <span class='ocrx_word' id='word_1_142' title='bbox 1064 1956 1214 2027; x_wconf 84' lang='lat' dir='ltr'>saxa,</span> <span class='ocrx_word' id='word_1_143' title='bbox 1244 1962 1305 2014; x_wconf 74' lang='grc' dir='ltr'>δε</span> 
     </span>
     <span class='ocr_line' id='line_1_28' title="bbox 27 2038 1304 2140; baseline -0.022 -17"><span class='ocrx_word' id='word_1_144' title='bbox 27 2060 220 2121; x_wconf 46' lang='lat' dir='ltr'>&amp;faces</span> <span class='ocrx_word' id='word_1_145' title='bbox 243 2055 498 2140; x_wconf 74' lang='lat' dir='ltr'>ingerere</span> <span class='ocrx_word' id='word_1_146' title='bbox 521 2083 581 2112; x_wconf 65' lang='grc' dir='ltr'>α).</span> <span class='ocrx_word' id='word_1_147' title='bbox 609 2048 880 2110; x_wconf 86' lang='lat' dir='ltr'>Tandem</span> <span class='ocrx_word' id='word_1_148' title='bbox 906 2093 922 2118; x_wconf 82' lang='lat'>,</span> <span class='ocrx_word' id='word_1_149' title='bbox 959 2040 1104 2104; x_wconf 66' lang='lat' dir='ltr'>viCta</span> <span class='ocrx_word' id='word_1_150' title='bbox 1127 2038 1304 2122; x_wconf 80' lang='lat' dir='ltr'>perti-</span> 
     </span>
     <span class='ocr_line' id='line_1_29' title="bbox 34 2122 1313 2216; baseline -0.021 -9"><span class='ocrx_word' id='word_1_151' title='bbox 34 2144 192 2209; x_wconf 60' lang='lat' dir='ltr'>nacia</span> <span class='ocrx_word' id='word_1_152' title='bbox 215 2192 231 2216; x_wconf 83' lang='lat'>‚</span> <span class='ocrx_word' id='word_1_153' title='bbox 260 2139 383 2201; x_wconf 87' lang='lat' dir='ltr'>Piso</span> <span class='ocrx_word' id='word_1_154' title='bbox 415 2137 593 2199; x_wconf 86' lang='lat' dir='ltr'>oravit</span> <span class='ocrx_word' id='word_1_155' title='bbox 615 2183 632 2208; x_wconf 83' lang='lat'>‚</span> <span class='ocrx_word' id='word_1_156' title='bbox 665 2162 697 2186; x_wconf 84' lang='lat' dir='ltr'>oc</span> <span class='ocrx_word' id='word_1_157' title='bbox 715 2131 796 2193; x_wconf 75' lang='lat' dir='ltr'>uti</span> <span class='ocrx_word' id='word_1_158' title='bbox 812 2179 829 2203; x_wconf 83' lang='lat'>‚</span> <span class='ocrx_word' id='word_1_159' title='bbox 857 2127 1074 2189; x_wconf 85' lang='lat' dir='ltr'>traditis</span> <span class='ocrx_word' id='word_1_160' title='bbox 1098 2122 1265 2182; x_wconf 84' lang='lat' dir='ltr'>armis</span> <span class='ocrx_word' id='word_1_161' title='bbox 1285 2138 1313 2194; x_wconf 69' lang='lat'>‚‘</span> 
     </span>
     <span class='ocr_line' id='line_1_30' title="bbox 32 2205 1311 2292; baseline -0.018 -6"><span class='ocrx_word' id='word_1_162' title='bbox 32 2247 331 2288; x_wconf 58' lang='lat' dir='ltr'>»maneret</span> <span class='ocrx_word' id='word_1_163' title='bbox 374 2226 435 2284; x_wconf 91' lang='lat' dir='ltr'>in</span> <span class='ocrx_word' id='word_1_164' title='bbox 475 2217 695 2281; x_wconf 85' lang='lat' dir='ltr'>castello</span> <span class='ocrx_word' id='word_1_165' title='bbox 721 2266 738 2292; x_wconf 81' lang='lat'><strong>,</strong></span> <span class='ocrx_word' id='word_1_166' title='bbox 775 2215 915 2274; x_wconf 89' lang='lat' dir='ltr'>dum</span> <span class='ocrx_word' id='word_1_167' title='bbox 954 2207 1136 2271; x_wconf 78' lang='lat' dir='ltr'>Caesar</span> <span class='ocrx_word' id='word_1_168' title='bbox 1160 2255 1178 2280; x_wconf 83' lang='lat'>‚</span> <span class='ocrx_word' id='word_1_169' title='bbox 1217 2205 1311 2265; x_wconf 85' lang='lat' dir='ltr'>cui</span> 
     </span>
     <span class='ocr_line' id='line_1_31' title="bbox 34 2291 1311 2394; baseline -0.022 -19"><span class='ocrx_word' id='word_1_170' title='bbox 34 2313 292 2393; x_wconf 56' lang='lat' dir='ltr'>»Syriam</span> <span class='ocrx_word' id='word_1_171' title='bbox 322 2308 674 2394; x_wconf 87' lang='lat' dir='ltr'>permitteret</span> <span class='ocrx_word' id='word_1_172' title='bbox 696 2349 713 2375; x_wconf 88' lang='lat'>,</span> <span class='ocrx_word' id='word_1_173' title='bbox 753 2296 1056 2360; x_wconf 88' lang='lat' dir='ltr'>consulitur</span> <span class='ocrx_word' id='word_1_174' title='bbox 1077 2321 1136 2351; x_wconf 63' lang='grc' dir='ltr'>ω.</span> <span class='ocrx_word' id='word_1_175' title='bbox 1175 2291 1311 2349; x_wconf 85' lang='lat' dir='ltr'>Non</span> 
     </span>
     <span class='ocr_line' id='line_1_32' title="bbox 0 2373 1311 2481; baseline -0.024 -19"><span class='ocrx_word' id='word_1_176' title='bbox 0 2410 4 2464; x_wconf 77' lang='grc' dir='ltr'>,Ι</span> <span class='ocrx_word' id='word_1_177' title='bbox 38 2418 271 2481; x_wconf 77' lang='lat' dir='ltr'>receptae</span> <span class='ocrx_word' id='word_1_178' title='bbox 320 2392 714 2454; x_wconf 84' lang='lat' dir='ltr'>conditiones:</span> <span class='ocrx_word' id='word_1_179' title='bbox 758 2407 862 2444; x_wconf 90' lang='lat' dir='ltr'>nec</span> <span class='ocrx_word' id='word_1_180' title='bbox 906 2378 1060 2441; x_wconf 81' lang='lat' dir='ltr'>aliud</span> <span class='ocrx_word' id='word_1_181' title='bbox 1082 2424 1099 2450; x_wconf 86' lang='lat'>‚</span> <span class='ocrx_word' id='word_1_182' title='bbox 1136 2373 1311 2455; x_wconf 72' lang='lat' dir='ltr'>quam</span> 
     </span>
     <span class='ocr_line' id='line_1_33' title="bbox 0 2454 1317 2542; baseline -0.021 0"><span class='ocrx_word' id='word_1_183' title='bbox 0 2468 7 2541; x_wconf 54' lang='grc' dir='ltr'>ξ’</span> <span class='ocrx_word' id='word_1_184' title='bbox 42 2504 208 2542; x_wconf 82' lang='lat' dir='ltr'>naves</span> <span class='ocrx_word' id='word_1_185' title='bbox 242 2488 299 2540; x_wconf 61' lang='grc' dir='ltr'>ὃς</span> <span class='ocrx_word' id='word_1_186' title='bbox 334 2499 521 2539; x_wconf 87' lang='lat' dir='ltr'>tutum</span> <span class='ocrx_word' id='word_1_187' title='bbox 555 2474 616 2535; x_wconf 89' lang='lat' dir='ltr'>in</span> <span class='ocrx_word' id='word_1_188' title='bbox 639 2469 866 2533; x_wconf 88' lang='lat' dir='ltr'>Urbem</span> <span class='ocrx_word' id='word_1_189' title='bbox 897 2467 1003 2527; x_wconf 87' lang='lat' dir='ltr'>iter</span> <span class='ocrx_word' id='word_1_190' title='bbox 1033 2511 1051 2537; x_wconf 88' lang='lat'>,</span> <span class='ocrx_word' id='word_1_191' title='bbox 1095 2454 1317 2519; x_wconf 83' lang='lat' dir='ltr'>conces-</span> 
     </span>
    </p>
   </div>
   <div class='ocr_carea' id='block_1_8' title="bbox 0 2552 1154 2687">
    <p class='ocr_par' dir='ltr' id='par_1_9' title="bbox 0 2552 1154 2687">
     <span class='ocr_line' id='line_1_34' title="bbox 0 2552 297 2632; baseline -0.04 1"><span class='ocrx_word' id='word_1_192' title='bbox 0 2552 2 2605; x_wconf 33' lang='lat'>}</span> <span class='ocrx_word' id='word_1_193' title='bbox 43 2564 168 2632; x_wconf 78' lang='lat' dir='ltr'>sum</span> <span class='ocrx_word' id='word_1_194' title='bbox 207 2565 297 2623; x_wconf 87' lang='lat' dir='ltr'>est.</span> 
     </span>
     <span class='ocr_line' id='line_1_35' title="bbox 997 2624 1154 2687; baseline -0.025 0"><span class='ocrx_word' id='word_1_195' title='bbox 997 2628 1053 2687; x_wconf 83' lang='lat' dir='ltr'>G</span> <span class='ocrx_word' id='word_1_196' title='bbox 1097 2624 1154 2684; x_wconf 80' lang='lat' dir='ltr'>iv</span> 
     </span>
    </p>
   </div>
  </div>
 </body>
</html>
