1655 3088
337 183 815 244 ‘ANNALIUM
859 179 1165 246 NorAE·¹
1268 195 1390 265 μὴ

171 278 298 331 CAP.
320 281 475 332 LVII.
511 279 684 342 Anno,
723 297 804 345 quo
839 280 1107 330 Germaniae
1140 281 1389 347 deffcivereu

109 341 229 398 Haec
249 349 476 411 pertinent
494 346 552 395 ad
567 344 840 396 immensum
857 346 1028 397 bellum
1042 385 1056 408 ,
1081 348 1207 414 quod
1225 352 1384 402 exal-fit

14 439 17 443 ·
106 413 185 463 sub
200 412 461 464 M.Vinici0
476 451 489 473 ,
503 430 628 461 anno
647 411 791 461 Urbis
812 413 1005 461 conditae
1018 430 1209 463 nccuv
1224 452 1237 473 ‚
1273 415 1302 468 J
1307 416 1383 465 esu

106 477 276 528 Christi
302 496 319 527 1
347 517 359 539 ,
391 495 438 527 ut
460 496 516 527 ex
540 479 723 529 Velleio
748 478 987 528 Paterculo
1011 481 1055 527 ΙΙ
1071 519 1084 541 ,
1111 498 1230 540 104,
1260 484 1384 529 recte

106 545 297 611 collegit
320 545 515 594 eruditus
540 545 756 613 Ryckius.
793 545 906 593 Hoc
942 563 1054 613 ergo
1085 564 1211 594 anno
1245 547 1387 614 Segi-

107 612 304 660 mundus
321 609 528 660 sacerdos
544 610 742 678 Augusti
763 611 910 659 adhuc
932 615 1024 661 vivi
1042 628 1215 661 creatus
1239 611 1387 663 fuerat

105 676 231 742 apud
248 677 395 725 Aram
413 676 663 726 Ubiorum.
690 676 852 725 Postea
871 694 1055 742 ruperat
1076 680 1206 727 vittas
1225 718 1239 741 ‚
1270 697 1387 745 pro-

105 741 244 809 fugus
275 743 333 791 ad
363 742 551 793 rebelles
574 763 589 806 3
629 750 672 790 δε
694 759 742 792 ut
763 743 968 806 videtur,
1001 745 1104 810 post
1129 743 1389 796 Varianam

108 809 302 858 cladem.

130 925 132 927 .
171 879 325 927 Aram
345 874 578 924 Ubiorum.
595 872 671 921 De
689 872 780 941 qua
797 873 969 922 dictum
985 871 1142 940 supra,
1161 874 1281 938 Cap.
1303 893 1323 940 3
1333 893 1390 939 9⁶·

173 939 412 991 Gallicam
445 941 494 989 in
530 939 695 1001 ripam.
749 939 830 989 Cis
878 940 1092 989 Rhenum
1114 980 1128 1002 ,
1186 948 1232 990 &
1267 942 1390 991 fort&

105 1005 254 1057 'Aram
284 1006 520 1056 Ubiorum
547 1003 699 1055 missus
715 1023 732 1069 3
767 1021 815 1056 ut
843 1009 1071 1070 conjicere
1098 1009 1161 1058 est
1190 1025 1245 1057 ex
1278 1008 1389 1059 An·-

109 1073 276 1136 nal.I‚
313 1088 391 1134 59.

173 1207 301 1257 CAP.
324 1205 502 1258 LVIII.
541 1203 746 1256 Civitate
776 1205 1104 1270 donatusfizm.
1149 1207 1385 1274 SegesteS,

109 1271 298 1341 ipseque
329 1272 596 1333 Arminius,
641 1290 670 1322 a
701 1272 806 1321 divo
830 1273 1042 1340 Augusto
1074 1275 1263 1322 civitatis
1288 1274 1388 1323 Ro-

110 1357 257 1388 manae
293 1340 388 1396 iure
424 1340 537 1387 olim
573 1337 732 1387 donati
767 1338 946 1387 fuerant
967 1377 980 1399 ,
1018 1338 1124 1388 cum
1162 1340 1390 1390 Romanis

105 1403 396 1472 ffiberioque
427 1407 476 1453 in
513 1402 766 1452 Germania
802 1404 991 1452 bellanti
1021 1404 1239 1454 faverent.

171 1469 317 1538 Testis
352 1469 434 1520 illa
467 1486 576 1520 nox.
621 1469 741 1534 Quae
765 1469 1022 1520 Varianam
1054 1471 1232 1521 cladem
1266 1489 1391 1537 prae-

110 1536 247 1586 cesfit.
281 1536 406 1587 Vide
431 1533 564 1601 supra
581 1573 596 1595 ,
626 1536 804 1584 Annal.
825 1537 848 1585 I
870 1575 882 1597 ‚
918 1552 994 1597 55.

178 1603 369 1655 Vetera.
423 1601 599 1652 Vetera
640 1603 814 1664 castra,
850 1603 1027 1654 Samen
1056 1616 1080 1663 ς
1127 1602 1184 1654 de
1228 1602 1395 1670 quibus

112 1668 207 1732 jam
239 1665 371 1734 supra
394 1706 408 1729 ,
444 1666 563 1728 Cap.
590 1681 671 1733 45.

77 1743 82 1745 ’
173 1735 435 1785 Ravennae.
474 1732 729 1801 Hodieque
759 1731 1002 1785 Ravenna

176 1800 459 1850 Memorabo.
516 1798 634 1847 Haec
671 1799 929 1847 Annalium
967 1815 1046 1850 aut
1076 1799 1395 1854 Historiarum·

111 1883 219 1934 pars
247 1870 398 1933 periit.
435 1864 766 1913 Thumelicum
789 1881 943 1913 tamen
966 1905 979 1928 ‚
1011 1883 1099 1915 tres
1133 1884 1280 1916 annos
1313 1888 1394 1919 na-

114 1950 211 1983 tum
230 1971 244 1995 ,
263 1934 312 1980 in
339 1931 609 1981 Germanici
641 1931 875 1997 triumpho
891 1970 904 1991 ‚
932 1930 990 1981 de
1014 1950 1110 1997 quo
1137 1932 1392 1996 AnnaLII,

113 2017 173 2062 41
193 2040 207 2062 ‚
245 1999 428 2048 vectum
456 1996 586 2045 fuisse
622 1997 759 2046 docet
793 1996 958 2048 Strabo
992 1997 1088 2050 VII
1104 2036 1120 2063 ,
1141 2014 1256 2070 pag.
1282 2019 1394 2061 292.

113 2064 193 2116 De
225 2067 382 2115 ceteris
416 2062 624 2113 ludibriis
660 2062 778 2114 nihil
808 2064 978 2115 audivi.

180 2195 306 2246 CAP.
349 2195 483 2251 LIX.
543 2194 1043 2274 Egregium-patrem.
1114 2198 1390 2266 Segestem,

114 2260 396 2321 ,Thufioeldae
419 2302 433 2324 ‚
466 2266 618 2313 uxoris
645 2264 883 2323 Arminii,
918 2278 1115 2328 patrem.

178 2328 484 2396 Procuhuzffe.
528 2330 585 2378 In
617 2331 745 2378 clade
771 2330 993 2381 Variana.

189 2394 241 2447 V
237 2395 371 2444 ift'am
398 2395 562 2457 ripam.
607 2395 797 2445 Vistam
823 2395 978 2444 Rheni
1008 2395 1266 2464 Galliaeque
1285 2394 1403 2446 Beh‘

155 2463 235 2577 13ae
269 2464 419 2529 ripam
443 2501 457 2523 ,
496 2464 546 2511 in
579 2461 670 2528 qua
696 2476 825 2511 erant
850 2461 1023 2513 Vetera
1042 2501 1057 2525 2
1087 2462 1192 2511 data
1223 2463 1404 2531 Segesti

142 2545 164 2578 e
199 2545 260 2575 es·

78 2640 83 2645 ,
186 2592 427 2641 Hominem
448 2590 726 2644 Germanos,
755 2592 1020 2644 Germanos
1057 2611 1313 2663 numquam
1331 2591 1403 2642 sa⁴

123 2661 178 2714 tis
213 2657 500 2713 excusaturos
534 2659 775 2713 hominem
808 2661 941 2713 illum
959 2700 976 2728 ,
1011 2660 1238 2728 Segestem
1257 2697 1271 2725 ,
1306 2676 1404 2727 quq

1085 2725 1207 2794 >Or
