1655 3088
267 163 745 212 A'NNALHJM
808 148 977 209 L113.
1025 149 1117 209 Y.-
1236 157 1306 230 3'5‘

41 252 270 317 rediere.
286 251 556 309 Nonanus
573 247 940 331 opperiendas
958 244 1310 331 Tiberii'epi-
1334 275 1531 312 ΞΕ,

37 338 192 400 stolas
212 334 609 394 clamitaverat:
627 355 758 390 mox
776 330 1051 392 desolatus
1070 331 1308 390 aliorum
1337 330 1384 371 A.
1404 334 1437 370 U
1473 332 1512 373 C

38 418 354 481 disceffione
380 465 398 489 ,
465 417 868 476 imminentem
928 415 1307 475 neceffitatem

37 504 230 588 sponte
254 502 517 585 praevenit
542 526 554 559 ε
581 509 638 560 &
661 499 875 559 Drusus
899 547 916 572 ,
946 523 1063 558 non
1092 496 1309 581 exspec-

39 609 154 649 tato
188 587 504 669 legatorum
540 582 780 668 regressu
805 633 821 657 ,
870 585 1000 665 quia
1025 581 1310 665 praesentia

39 671 164 733 fatis
190 668 555 729 consederant
576 717 593 741 ,
636 669 696 727 in
718 668 941 727 Urbem
970 666 1155 727 rediit.

120 756 341 814 XXXI.
382 757 408 812 Ι
433 778 450 810 1
471 777 491 812 s
512 777 548 811 D
566 776 594 810 E
614 775 663 810 Μ
708 749 889 811 ferme
938 750 1134 811 diebus
1158 799 1175 823 ,
1219 748 1315 809 iis-

41 838 175 898 dem
199 836 363 897 caufis
389 837 739 896 Germanicae
768 834 1019 919 legiones
1052 834 1281 894 turbatae
1296 857 1321 908 ‚·

39 924 251 1002 quanto
273 919 476 1005 plureS‚
500 922 657 979 tanto
676 919 977 979 violentius
997 945 1008 978 ε
1030 928 1087 980 &
1109 919 1318 1002 magna

37 1004 131 1088 spe
165 1003 285 1065 fore
315 1026 376 1064 ut
405 1003 775 1065 Germanicus
801 1002 981 1063 Caesar
1009 1004 1318 1086 imperium

42 1089 264 1149 alterius
289 1090 404 1172 pati
427 1090 685 1170 nequiret
707 1136 724 1160 ,
762 1088 1032 1170 daretque
1063 1086 1117 1147 se
1142 1086 1319 1170 legio-

41 1174 204 1233 nibus
227 1221 243 1246 ,
279 1174 336 1231 vi
358 1171 450 1232 sua
472 1177 668 1231 cuneta
695 1176 978 1231 traciturus,
1006 1173 1143 1230 Duo
1168 1170 1320 1254 apud

43 1258 221 1340 ripam
245 1258 434 1316 Rheni
458 1257 725 1316 exercitus
753 1277 908 1316 erant
935 1282 947 1314 ς
991 1255 1080 1314 cui
1103 1278 1321 1314 nomen.

40 1339 306 1423 superiori
325 1388 342 1412 ,
366 1339 465 1398 sub
491 1342 563 1398 C.
583 1340 718 1398 Silio
738 1340 924 1422 legato
945 1363 962 1417 3
987 1336 1323 1398 inferiorem

42 1423 113 1485 A.
138 1424 364 1483 Caecina
387 1423 630 1482 curabat.
674 1425 960 1507 Regimen
981 1421 1212 1481 summae
1238 1423 1322 1481 rei

41 1530 211 1592 penes
252 1509 657 1567 Germanicum
678 1555 695 1579 ‚
741 1507 964 1589 agendo
1004 1506 1323 1565 Galliarum

43 1589 230 1651 censui
261 1613 385 1649 tum
417 1592 719 1650 intentum.
768 1591 878 1650 Sed
919 1591 1120 1671 quibus
1158 1590 1322 1649 Silius

44 1674 445 1734 moderabatur
462 1722 478 1746 ‚
499 1696 691 1732 mente
711 1673 976 1755 ambigua
992 1722 1009 1745 ,
1032 1671 1324 1732 fortunam

42 1756 332 1817 seditionis
351 1758 540 1816 alienae
561 1755 1016 1839 speculabantur:
1042 1755 1325 1816 inferioris

45 1840 314 1900 exercitus
351 1840 511 1898 miles
552 1841 610 1896 in
649 1840 865 1898 rabiem
899 1839 1182 1922 prolapsus
1210 1843 1286 1900 est
1307 1888 1324 1913 ‚

43 1946 169 1983 orto
195 1925 264 1983 ab
293 1922 777 1982 unetvicesimanis
804 1922 1198 2005 quintanisque
1227 1925 1328 1982 ini-

45 2008 127 2067 tio
151 2055 167 2079 ‚
205 2016 262 2068 δέ
296 2007 479 2066 trastis
508 2006 691 2090 prima
718 2031 945 2089 quoque
972 2032 1034 2067 ac
1063 2007 1325 2084 vicesima

47 2090 362 2173 legionibus
387 2114 399 2147 ε
421 2115 551 2149 nam
574 2089 774 2150 iisdem
795 2093 983 2152 aestivis
1003 2140 1020 2164 ,
1040 2092 1098 2149 in
1119 2092 1325 2153 finibus

46 2172 329 2234 Ubiorum
369 2175 760 2254 habebantur,
808 2199 906 2259 per
950 2177 1133 2234 otium
1165 2225 1182 2249 ‚
1230 2198 1327 2237 aut

47 2257 190 2318 levia
217 2259 427 2318 munia.
468 2260 646 2342 Igitur
679 2259 872 2319 audito
904 2259 1015 2318 fine
1043 2259 1278 2342 Augusti
1307 2308 1327 2334 ,

47 2344 340 2403 vernacula
359 2343 668 2402 multitudo
690 2393 705 2416 ‚
731 2366 907 2428 nuper
933 2348 1055 2402 acto
1081 2346 1139 2401 in
1165 2343 1327 2405 Urbe

49 2426 270 2487 delectu
290 2475 307 2500 ,
336 2425 563 2486 lasciviae
590 2427 742 2487 sueta
762 2476 781 2502 ,
821 2428 1078 2487 laborum
1116 2428 1326 2488 intoleae

50 2532 172 2569 rans
195 2559 211 2583 ‚
253 2510 488 2594 implere
519 2534 836 2572 ceterorum
868 2512 1032 2572 rudes
1062 2512 1281 2570 animos
1309 2537 1322 2570 :

30 2616 92 2642 “⁶
114 2592 342 2658 Veniffe
371 2617 589 2681 tempus
619 2619 733 2679 quo
759 2597 1009 2660 veterani
1041 2615 1322 2654 maturam

1019 2681 1062 2739 B
1105 2686 1159 2760 vj

1380 408 1492 454 767.

1379 479 1414 516 J.
1447 480 1498 519 C.

1403 557 1477 598 ³4·
