1676 3105
221 134 335 195 35⁷0
427 103 511 173 ΙΝ
552 111 873 172 L11³RUM
924 132 1329 177 SECUNDUM

216 229 377 262 annua
413 211 648 262 ducenties
690 229 884 265 centena
924 213 1071 265 millia
1109 214 1356 266 modiorum
1379 213 1497 280 frit-¹

215 279 358 330 menti
400 278 736 341 inferebantur.

279 344 576 411 Claustraque
612 362 745 396 terrae
794 363 849 395 ac
884 347 1045 397 maris.
1095 348 1232 399 Ostia
1274 349 1413 409 Nili,
1447 355 1494 396 &

214 410 409 460 Isthmus
433 450 447 474 ‚
481 411 676 479 Z‘Istlzme
705 411 759 461 de
783 412 903 475 Sue?
926 453 940 474 ,
973 413 1072 463 sunt
1102 419 1240 464 mai-is
1278 432 1494 482 terraeque

216 477 410 526 claustra
439 517 452 539 ‚
501 497 603 545 quae
646 479 735 527 levi
780 479 986 543 praefidio
1032 481 1244 532 adversus
1283 485 1505 550 ingentes·

213 547 435 594 exercitus
470 543 715 594 defendere
750 542 940 612 quisque
970 562 1167 611 poterat.

283 677 357 726 CA
366 693 408 726 P.
424 675 535 724 LX.
553 673 596 723 A
611 675 815 737 Canopo,
839 675 1087 743 Canopus,
1101 696 1226 728 nunc
1241 674 1494 743 Abouquz’n'

212 744 320 795 urbs
349 743 578 792 inferioris
595 740 791 809 AEgypti
816 781 828 804 ,
862 743 920 791 ad
946 746 1111 792 ostium
1134 745 1446 811 Canopicum.

286 809 552 858 Proximum
590 812 742 857 amnis
779 826 829 857 ος
868 809 1071 858 dicatum
1111 811 1318 861 Herculi.
1371 809 1500 860 Urbi>

213 874 420 942 Canopo
455 875 722 941 proximum
763 893 813 922 os
848 874 950 923 Nili
983 876 1279 941 Canopicum
1310 917 1322 939 ,
1371 891 1507 925 nunc‘

211 940 260 989 la
286 941 466 991 Madie.
503 943 724 989 Dicatum
750 958 846 989 erat
868 940 1063 989 Herculi
1100 961 1205 992 cum
1239 944 1414 1007 templo
1451 948 1496 990 &

213 1007 324 1056 urbe
359 1006 509 1057 vicina
540 1006 781 1055 Heraclio.
822 1007 986 1056 Strabo
1010 1007 1184 1070 XVII,
1204 1027 1316 1076 pag.
1344 1013 1463 1059 801.

279 1072 404 1122 Mox
428 1072 548 1139 Wsts·
586 1072 741 1121 Antea
761 1107 779 1133 ‚-
809 1073 936 1141 quod
969 1073 1085 1122 siluit
1112 1073 1302 1125 Tacitus
1324 1115 1337 1136 ‚
1367 1073 1496 1124 Ger-

213 1142 422 1193 manicus
451 1140 560 1188 adiit
583 1139 850 1205 Memphim
868 1179 881 1201 ,
916 1158 1039 1188 nunc
1069 1139 1201 1206 Gize'.
1243 1143 1310 1190 Ibi
1344 1141 1462 1206 Apis
1482 1178 1495 1200 ‚

215 1207 343 1256 cibos
364 1225 391 1255 a
413 1205 700 1255 Germanico
720 1207 899 1255 oblatos
924 1205 1146 1255 aversatus
1167 1247 1180 1269 ‚
1214 1209 1338 1257 mala
1356 1207 1499 1272 paulo

213 1273 320 1337 post
366 1290 583 1322 eventura
631 1271 909 1338 portendisse
958 1273 1202 1323 ferebatur.
1258 1274 1500 1323 Ammian.

211 1339 481 1391 Marcellin.
502 1338 651 1389 XXII
671 1378 683 1400 ‚
714 1358 788 1398 14.

283 1405 501 1457 Veterum
533 1404 807 1455 Thebarum.
846 1405 900 1452 In
920 1403 1151 1470 superiore
1172 1404 1384 1473 AEgypto
1413 1423 1503 1453 ve-

213 1486 329 1522 teres
359 1471 536 1520 Thebae
566 1510 578 1532 ‚
622 1489 747 1519 nunc
784 1470 988 1521 Habou:
1024 1471 1099 1519 ubi
1141 1472 1291 1520 adhuc
1330 1473 1501 1520 exstant

218 1540 408 1605 egregia
440 1540 719 1605 antiquitatis
757 1543 801 1585 &
825 1536 1116 1605 AEgyptiacae
1146 1538 1500 1606 magnificentias

216 1621 538 1653 monumenta.

287 1669 491 1719 Struffis
520 1668 726 1718 molibus.
773 1667 1035 1731 obeliscis,
1075 1669 1129 1717 de
1167 1670 1329 1736 quibus
1367 1669 1500 1735 plura

214 1737 344 1804 apud
377 1737 683 1785 Ammianum
717 1735 1045 1784 Marcellinum
1072 1735 1252 1796 XVII,
1277 1756 1325 1795 4.

284 1802 459 1853 Lirerae
477 1802 731 1870 AEgyptiae.
768 1803 934 1851 Literae
959 1801 1062 1851 sunt
1081 1801 1469 1870 Hieroglyphicae
1487 1843 1503 1864 ,

216 1888 318 1938 quae
350 1888 434 1935 per
459 1869 627 1937 figuras
665 1870 934 1917 animalium
971 1871 1060 1916 alia
1097 1886 1153 1915 ue
1192 1868 1322 1935 figna
1354 1868 1502 1918 sensus

218 1938 383 1985 mentis
418 1936 716 2002 effingebant.
769 1934 893 1985 Vide
926 1933 1043 1983 infra
1114 1936 1243 1982 nnal.
1277 1933 1385 1996 XI,
1429 1954 1502 1994 14.

216 2001 307 2051 Per
328 2017 393 2050 tot
418 2019 530 2069 ergo
550 2000 708 2050 saecula
723 2002 867 2068 viguit
886 2003 1114 2068 primaevae
1133 2001 1255 2052 illius
1274 1998 1503 2068 scripturae

216 2084 275 2117 co
314 2070 431 2116 nitio
457 2078 467 2116 Ξ

279 2085 516 2202 {dubitasse
562 2132 788 2199 quondam
816 2132 1120 2198 septingenta
1169 2131 1318 2181 millia
1367 2145 1505 2182 cerate

217 2200 431 2250 militari.
467 2202 583 2250 Sunt
619 2204 698 2268 qui
733 2200 829 2247 haec
857 2201 1120 2266 intelligant
1151 2198 1207 2247 de
1231 2198 1502 2247 Thebarum

215 2268 380 2316 incolis
404 2286 419 2330 3
465 2274 510 2314 ὃς
535 2307 547 2327 ,
590 2267 696 2315 cum
744 2267 988 2314 militarem
1022 2264 1152 2313 hanc
1194 2280 1372 2312 aetatem
1412 2283 1502 2329 pro

217 2334 379 2400 quarta
421 2334 539 2381 urbis
581 2344 710 2399 parte
751 2333 979 2398 accipiant
1002 2371 1015 2392 ,
1060 2331 1167 2379 inde
1214 2331 1501 2379 contendunt

219 2399 348 2448 fuisse
366 2398 541 2447 Thebis
563 2401 738 2448 incolas
760 2404 986 2461 2,800,00
997 2418 1040 2446 0.
1061 2394 1198 2446 Certe
1218 2396 1339 2445 idem
1360 2396 1504 2446 ferme

219 2466 344 2531 apud
365 2465 572 2514 Sinenses
594 2469 641 2514 in
666 2466 775 2513 urbe
800 2465 983 2531 Pelcing
1004 2465 1248 2512 hominum
1269 2480 1501 2511 numerus.

216 2532 291 2587 Ex
310 2531 415 2599 ipsis
447 2548 600 2584 tamen
625 2531 782 2582 Taciti
808 2531 954 2583 verbis
973 2569 988 2594 ,
1015 2537 1058 2580 ὃ(
1080 2530 1304 2581 Strabone
1322 2528 1467 2584 XVII
1481 2566 1501 2591 Ι,
