1682 3110
169 140 271 189 xx
437 116 499 189 P
535 118 603 190 R
631 122 730 192 AE
765 122 833 192 F
847 124 920 194 A
964 122 1092 194 TI
1112 123 1196 195 Ο.

167 228 350 300 fulffe
391 236 459 300 &
486 238 826 324 μισάνθρωπον
856 291 872 314 ,
920 263 1032 329 qUI
1076 237 1296 306 Omnia
1332 235 1442 305 Vel

168 325 632 421 suspicionibus
695 331 1086 401 adulteraret
1118 383 1139 419 ,
1202 329 1313 417 vel
1373 333 1443 399 in'

174 420 565 491 deteriorem
600 448 851 516 partem
894 429 1193 494 traheret.
1276 424 1444 491 Haec

171 516 351 584 certe
397 517 668 608 maligni
710 525 777 586 ὃς
814 518 1096 612 improbi
1135 520 1280 586 sunt
1320 521 1445 605 ho-

174 612 365 679 minis
389 662 411 698 ,
459 609 719 701 qualem
749 636 946 681 nemo
982 612 1215 682 dixerit
1244 613 1447 680 Taci-

176 726 316 772 tum
343 756 364 791 ,
409 708 522 796 qui
552 705 896 775 sceleratos
926 709 1149 801 passim
1187 709 1396 799 arguit
1420 756 1446 793 ,

175 802 485 868 virtutem
539 805 782 870 meritis
835 800 1133 870 laudibus
1196 803 1445 895 semper

176 892 414 962 extulit
457 945 479 982 ,
553 898 797 965 amicos
857 921 994 964 non
1049 895 1275 964 habuit
1332 897 1448 963 nist

176 991 463 1081 optimos
492 1042 511 1076 ,
569 991 896 1083 ipsamque
924 989 1399 1083 malignitatem
1421 1040 1446 1078 ,

177 1081 333 1151 falsa
384 1082 698 1153 libertatis
746 1086 959 1178 specie
1006 1084 1394 1153 illudentem
1423 1135 1446 1172 ,

176 1179 337 1271 saepe
366 1181 698 1273 corripuit.
727 1183 820 1248 At
840 1181 1226 1275 suspiciones
1246 1233 1267 1266 ,⁴
1295 1205 1450 1248 cona

174 1270 446 1360 jetturas
473 1275 809 1342 interserit.
842 1276 1084 1344 Fateor
1108 1275 1446 1365 equidem:

176 1368 286 1437 sed
319 1393 423 1436 eas
457 1367 779 1461 legitimas
803 1422 823 1456 ,
867 1377 933 1438 ἃ
962 1370 1142 1461 quod
1169 1372 1238 1436 in
1263 1392 1450 1438 Vete-

177 1487 322 1530 rum
349 1462 665 1531 librorum
691 1517 711 1551 ,
765 1491 903 1555 quae
938 1466 1190 1558 superat
1214 1519 1235 1551 ,
1289 1491 1449 1558 pau-

179 1560 377 1626 citate
413 1558 663 1652 prorsus
705 1562 941 1626 mirum
982 1562 1069 1628 est
1098 1612 1118 1646 ,
1171 1558 1451 1627 aliorum

178 1653 563 1746 scriptorum
583 1655 955 1721 testimonio
980 1706 1000 1739 ,
1044 1677 1153 1720 aut
1179 1655 1452 1746 ipsarum

178 1771 392 1815 rerum
418 1745 645 1816 natura
671 1747 1146 1840 comprobatas,
1212 1745 1452 1814 Nullas

178 1843 249 1910 in
271 1839 529 1908 historia
552 1841 849 1934 usurpare
867 1894 888 1928 ,
914 1840 1023 1908 vel
1044 1841 1412 1934 ineptiffimi
1426 1892 1451 1928 ,

180 1934 291 2004 vel
358 1934 751 2003 audacissimi
813 1932 1186 2003 mortalium
1260 1935 1452 2004 foret.

184 2031 674 2098 Criminationis
702 2031 914 2098 causas
941 2032 1241 2124 aperiam.
1274 2031 1453 2120 Qui-

182 2125 333 2194 dam
366 2148 777 2220 corruptores
819 2132 887 2193 ὅ(
928 2126 1217 2218 corrupti
1245 2125 1452 2192 Taci-

182 2242 322 2289 tum
358 2220 638 2288 oderunt
669 2273 690 2307 ,
744 2219 925 2311 quod
962 2243 1190 2287 eorum
1224 2243 1453 2287 arcana

184 2314 526 2384 nudaverit
552 2366 574 2402 ,
619 2339 848 2384 eorum
895 2315 1055 2381 vitia
1104 2336 1453 2407 perpetuus

185 2411 412 2480 censor
456 2409 827 2502 exprobret.
887 2409 981 2476 Ut
1025 2406 1139 2474 fibi
1189 2407 1452 2500 aliisque

182 2504 407 2576 fucum
466 2505 704 2574 faciant
739 2556 763 2594 ,
830 2501 1226 2574 calumniam-
1281 2506 1456 2581 hanc,
