1682 3110
235 129 1288 212 lxxxvaEsT1M0N1'A

237 230 574 299 Thucydides
597 234 610 257 ¹
636 230 710 283 ait
731 270 746 294 ,
785 233 924 296 κἿιῗμοι
951 233 971 256 ²
994 229 1055 282 fit
1075 271 1092 294 ‚
1127 248 1194 283 an
1221 229 1447 295 ἀγώνισμα
1466 237 1511 295 3,

234 316 464 365 quorum
480 299 703 351 alterum
727 297 899 349 oratio
915 333 930 357 ,
950 297 1174 349 alterum
1194 296 1404 349 historia
1426 298 1512 349 est.

233 363 329 416 His
356 382 422 417 ex
443 364 597 417 causis
626 381 739 415 non
765 363 992 415 adducar
1012 377 1070 415 ut
1088 364 1195 416 duo
1221 363 1478 416 diffimilia
1493 399 1513 426 ‚

154 464 158 467 ι
236 432 297 484 &
316 430 420 484 hoc
443 432 552 496 ipso
579 428 781 480 diversa
805 430 950 497 quod
980 431 1240 490 maxima,
1276 428 1512 482 confun-

235 498 356 548 dam
386 498 735 561 misceamque
767 534 784 557 ,
827 512 894 546 ne
928 495 1071 547 tanta
1104 495 1243 563 quafi
1275 494 1512 548 colluvie

235 565 470 615 turbatus
491 603 505 626 ‚
535 563 611 614 ibi
636 561 823 613 faciam
848 563 996 628 quod
1020 561 1103 613 hic
1132 563 1322 614 debeo.
1359 562 1515 614 Ideo-

232 647 337 696 que
369 628 585 681 interim
617 627 830 679 veniam
873 634 972 689 (ut
1010 645 1076 680 ne
1111 645 1141 679 a
1176 627 1306 680 meis
1335 628 1512 680 verbis

234 696 534 761 discedam)
573 693 870 746 advocandi
907 708 1051 760 peto,
1098 696 1182 745 Tu
1206 707 1382 746 tamen
1405 695 1514 759 jam

232 779 375 815 nunc
399 761 575 830 cogita
599 777 710 824 quae
735 759 1052 826 potiffimum
1076 774 1316 827 tempora
1340 778 1515 827 aggre-

232 828 457 880 diamur.
505 833 697 882 Vetera
723 828 780 878 &
809 825 995 892 scripta
1027 825 1182 878 aliis?
1221 840 1396 892 parata
1423 827 1514 877 in·-

232 894 446 960 quifitio
479 933 495 957 ,
543 893 630 945 sed
666 893 888 944 onerosa
921 892 1161 945 comario.
1224 897 1420 945 Intafflt
1455 892 1516 946 δί

232 963 416 1013 nova?
452 977 631 1026 graves
675 958 881 1010 offensae
909 997 925 1020 ,
963 959 1093 1010 levis
1134 959 1313 1025 gratia.
1373 962 1515 1010 Nam

233 1041 417 1092 praeter
459 1027 516 1076 id
558 1026 702 1091 quod
746 1024 798 1074 in
844 1025 1000 1076 tantis
1041 1024 1187 1075 vitiis
1233 1024 1516 1076 hominum

230 1097 378 1158 plura
406 1093 662 1158 culpanda
696 1091 809 1142 sunt
830 1130 844 1153 ‚
886 1093 1041 1156 quam
1073 1091 1367 1154 laudanda3
1400 1103 1515 1142 tum

232 1158 270 1209 fi
298 1157 589 1210 laudaveris
606 1198 620 1220 ‚
646 1175 822 1224 parcus
844 1174 859 1220 3
896 1156 933 1206 fi
958 1157 1249 1222 culpaveris
1271 1196 1286 1220 ‚
1319 1156 1516 1208 nimius

231 1224 383 1276 fuiffe
411 1224 595 1276 dicaris
615 1241 630 1287 3
656 1223 892 1291 quamvis
913 1223 1045 1273 illud
1067 1223 1352 1289 pieniffime
1371 1261 1385 1283 ‚
1408 1222 1515 1274 hoc

232 1290 584 1343 restrifflffime
610 1289 811 1342 feceris.
861 1290 960 1340 Sed
983 1289 1091 1340 haec
1112 1307 1197 1340 me
1221 1307 1330 1340 non
1357 1302 1517 1340 retar-

233 1358 398 1422 dant3
435 1357 503 1408 est
540 1357 682 1407 enim
723 1355 854 1405 mihi
897 1373 992 1421 pro
1033 1355 1139 1407 fide
1177 1355 1294 1406 satis
1330 1353 1518 1406 animi·

234 1423 373 1474 Illud
395 1436 517 1489 peto
543 1440 555 1473 ε
586 1422 840 1488 praestruas
863 1423 928 1472 ad
955 1422 1102 1487 quod
1126 1420 1349 1473 hortaris
1375 1459 1387 1481 ‚
1421 1419 1518 1471 eii-

234 1491 422 1555 gasque
473 1488 743 1540 materiam
768 1526 783 1547 ,
837 1505 904 1538 ne
950 1487 1085 1536 mihi
1142 1489 1246 1551 jam
1292 1486 1515 1537 scribere

233 1569 414 1620 parato
431 1593 446 1616 ‚
473 1556 574 1605 alia
594 1554 756 1605 rursus
776 1553 1121 1606 cunffcationis
1137 1556 1193 1606 &c
1209 1569 1366 1605 morae
1388 1551 1514 1618 justa

233 1622 368 1675 ratio
397 1620 645 1674 nascatur.
688 1621 838 1674 Vaie.

504 1773 766 1831 LIBR.
823 1774 923 1832 VI.
987 1776 1098 1831 ΕΡ.
1145 1786 1243 1828 IX.

275 1875 348 1954 C.
402 1897 770 1953 PL1N1US
826 1895 1168 1953 TACITO'
1213 1914 1362 1951 suo
1416 1896 1468 1951 S.

295 2023 648 2074 COMMENDAS
669 2021 798 2072 mihi
816 2021 1010 2073 Juiium
1032 2020 1298 2085 Nasonem
1325 2019 1515 2071 candi-

227 2088 429 2140 datum.
466 2090 732 2141 Nasonem
760 2089 926 2138 mihi?
966 2087 1096 2154 quid
1125 2086 1162 2137 fi
1194 2105 1277 2138 me
1310 2086 1512 2151 ipsum?

227 2154 367 2206 Fero
387 2169 562 2207 ‘tamen
583 2158 639 2208 <Sc
658 2155 893 2221 ignosco.
925 2154 1180 2205 Eumdem
1201 2153 1346 2204 enim
1368 2169 1512 2204 com-

228 2222 545 2273 mendaffem
568 2222 667 2274 tibi
691 2262 704 2282 ,
730 2219 796 2284 fi,
828 2235 878 2272 te
894 2222 1074 2273 Romae
1103 2234 1341 2270 morante
1362 2257 1376 2278 ‚
1405 2218 1513 2282 ipse

228 2286 520 2339 :³¹12fuiffern.³
589 2290 762 2339 Habet
797 2288 905 2340 hoc
951 2285 1256 2336 sollicitudo
1292 2323 1308 2347 ‚
1366 2283 1512 2349 quod

223 2354 409 2406 omnia
435 2354 711 2407 necessaria
734 2367 894 2420 putat.
930 2355 1017 2404 Tu
1041 2364 1217 2403 tamen
1233 2388 1248 2414 ,
1286 2350 1472 2402 censeo
1490 2388 1511 2413 ,

303 2519 318 2540 ¹
351 2507 617 2559 Thucydides
655 2509 758 2549 Hist.
786 2511 803 2548 1
826 2541 834 2556 ‚
967 2517 984 2537 2
1012 2505 1254 2557 Perpetuam
1284 2517 1513 2544 monumen·-

233 2576 281 2603 22.
305 2595 315 2611 ,
355 2566 439 2604 haec
472 2563 652 2604 accurate
690 2563 837 2606 distin·
910 2573 1006 2602 tum.

232 2619 338 2672 guit.
974 2627 988 2658 3
1023 2613 1238 2658 Ludicrum
1269 2621 1482 2654 certamem
