<?xml version="1.0" encoding="UTF-8"?>
<!DOCTYPE html PUBLIC "-//W3C//DTD XHTML 1.0 Transitional//EN"
    "http://www.w3.org/TR/xhtml1/DTD/xhtml1-transitional.dtd">
<html xmlns="http://www.w3.org/1999/xhtml" xml:lang="en" lang="en">
 <head>
  <title>
</title>
<meta http-equiv="Content-Type" content="text/html;charset=utf-8" />
  <meta name='ocr-system' content='tesseract 3.04.00' />
  <meta name='ocr-capabilities' content='ocr_page ocr_carea ocr_par ocr_line ocrx_word'/>
</head>
<body>
  <div class='ocr_page' id='page_1' title='image "./ccorneliitacitio01taci_0227.png"; bbox 0 0 1655 3088; ppageno 0'>
   <div class='ocr_carea' id='block_1_1' title="bbox 0 230 42 2680">
    <p class='ocr_par' dir='ltr' id='par_1_1' title="bbox 0 230 42 2680">
     <span class='ocr_line' id='line_1_1' title="bbox 18 230 42 477; baseline 0 0"><span class='ocrx_word' id='word_1_1' title='bbox 18 230 42 477; x_wconf 95' lang='lat' dir='ltr'>  </span> 
     </span>
     <span class='ocr_line' id='line_1_2' title="bbox 0 826 24 1075; baseline 0 -162"><span class='ocrx_word' id='word_1_2' title='bbox 0 826 24 1075; x_wconf 95' lang='lat' dir='ltr'>  </span> 
     </span>
     <span class='ocr_line' id='line_1_3' title="bbox 0 1075 22 1310; baseline 0 -162"><span class='ocrx_word' id='word_1_3' title='bbox 0 1075 22 1310; x_wconf 95' lang='lat' dir='ltr'>   </span> 
     </span>
     <span class='ocr_line' id='line_1_4' title="bbox 0 1310 21 1480; baseline 0 0"><span class='ocrx_word' id='word_1_4' title='bbox 0 1310 21 1480; x_wconf 95' lang='lat' dir='ltr'>  </span> 
     </span>
     <span class='ocr_line' id='line_1_5' title="bbox 0 1480 20 1868; baseline 0 -38"><span class='ocrx_word' id='word_1_5' title='bbox 0 1480 20 1868; x_wconf 95' lang='lat' dir='ltr'>     </span> 
     </span>
     <span class='ocr_line' id='line_1_6' title="bbox 0 1868 38 2220; baseline 0 -146"><span class='ocrx_word' id='word_1_6' title='bbox 0 1868 38 2220; x_wconf 95' lang='lat' dir='ltr'>     </span> 
     </span>
     <span class='ocr_line' id='line_1_7' title="bbox 0 2424 38 2680; baseline 0 -187"><span class='ocrx_word' id='word_1_7' title='bbox 0 2424 38 2680; x_wconf 95' lang='lat' dir='ltr'>   </span> 
     </span>
    </p>
   </div>
   <div class='ocr_carea' id='block_1_2' title="bbox 245 97 1275 186">
    <p class='ocr_par' dir='ltr' id='par_1_2' title="bbox 245 97 1275 186">
     <span class='ocr_line' id='line_1_8' title="bbox 245 97 1275 186; baseline 0.013 -32"><span class='ocrx_word' id='word_1_8' title='bbox 245 97 1043 163; x_wconf 76' lang='lat' dir='ltr'>ANNAL1UML113.II.</span> <span class='ocrx_word' id='word_1_9' title='bbox 1198 131 1275 186; x_wconf 80' lang='lat'>97</span> 
     </span>
    </p>
   </div>
   <div class='ocr_carea' id='block_1_3' title="bbox 0 275 1279 1688">
    <p class='ocr_par' dir='ltr' id='par_1_3' title="bbox 0 275 1279 1688">
     <span class='ocr_line' id='line_1_9' title="bbox 0 275 1269 360; baseline 0.009 -28"><span class='ocrx_word' id='word_1_10' title='bbox 0 298 2 313; x_wconf 77' lang='lat'><em>³</em></span> <span class='ocrx_word' id='word_1_11' title='bbox 28 294 194 332; x_wconf 86' lang='lat' dir='ltr'>:entes</span> <span class='ocrx_word' id='word_1_12' title='bbox 214 275 272 331; x_wconf 90' lang='lat' dir='ltr'>in</span> <span class='ocrx_word' id='word_1_13' title='bbox 296 297 584 358; x_wconf 82' lang='lat' dir='ltr'>campum,</span> <span class='ocrx_word' id='word_1_14' title='bbox 607 278 695 335; x_wconf 91' lang='lat' dir='ltr'>cui</span> <span class='ocrx_word' id='word_1_15' title='bbox 715 280 996 355; x_wconf 77' lang='lat' dir='ltr'>Idistavisb</span> <span class='ocrx_word' id='word_1_16' title='bbox 1020 306 1232 345; x_wconf 88' lang='lat' dir='ltr'>nomen</span> <span class='ocrx_word' id='word_1_17' title='bbox 1252 337 1269 360; x_wconf 89' lang='lat'>,</span> 
     </span>
     <span class='ocr_line' id='line_1_10' title="bbox 53 356 1270 449; baseline 0.012 -33"><span class='ocrx_word' id='word_1_18' title='bbox 53 356 296 416; x_wconf 80' lang='lat' dir='ltr'>educunt</span> <span class='ocrx_word' id='word_1_19' title='bbox 315 383 332 416; x_wconf 66' lang='lat' dir='ltr'><strong><em>z</em></strong></span> <span class='ocrx_word' id='word_1_20' title='bbox 373 358 418 415; x_wconf 92' lang='lat' dir='ltr'>is</span> <span class='ocrx_word' id='word_1_21' title='bbox 453 361 671 420; x_wconf 88' lang='lat' dir='ltr'>medius</span> <span class='ocrx_word' id='word_1_22' title='bbox 708 363 856 422; x_wconf 89' lang='lat' dir='ltr'>inter</span> <span class='ocrx_word' id='word_1_23' title='bbox 881 364 1168 449; x_wconf 78' lang='lat' dir='ltr'>Visurgim</span> <span class='ocrx_word' id='word_1_24' title='bbox 1213 380 1270 430; x_wconf 74' lang='grc' dir='ltr'>δε</span> 
     </span>
     <span class='ocr_line' id='line_1_11' title="bbox 0 438 1271 535; baseline 0.011 -37"><span class='ocrx_word' id='word_1_25' title='bbox 0 467 6 498; x_wconf 77' lang='lat' dir='ltr'>t</span> <span class='ocrx_word' id='word_1_26' title='bbox 42 438 174 498; x_wconf 88' lang='lat' dir='ltr'>olles</span> <span class='ocrx_word' id='word_1_27' title='bbox 201 487 218 512; x_wconf 85' lang='lat'><strong>,</strong></span> <span class='ocrx_word' id='word_1_28' title='bbox 255 461 316 499; x_wconf 88' lang='lat' dir='ltr'>ut</span> <span class='ocrx_word' id='word_1_29' title='bbox 338 441 464 523; x_wconf 80' lang='lat' dir='ltr'>ripae</span> <span class='ocrx_word' id='word_1_30' title='bbox 485 443 731 504; x_wconf 87' lang='lat' dir='ltr'>fluminis</span> <span class='ocrx_word' id='word_1_31' title='bbox 753 447 992 522; x_wconf 88' lang='lat' dir='ltr'>cedunt,</span> <span class='ocrx_word' id='word_1_32' title='bbox 1029 473 1123 510; x_wconf 86' lang='lat' dir='ltr'>aut</span> <span class='ocrx_word' id='word_1_33' title='bbox 1145 475 1271 535; x_wconf 83' lang='lat' dir='ltr'>pro-</span> 
     </span>
     <span class='ocr_line' id='line_1_12' title="bbox 0 523 1270 615; baseline 0.014 -36"><span class='ocrx_word' id='word_1_34' title='bbox 0 553 5 579; x_wconf 72' lang='grc' dir='ltr'>ι</span> <span class='ocrx_word' id='word_1_35' title='bbox 27 523 278 582; x_wconf 79' lang='lat' dir='ltr'>ninentia</span> <span class='ocrx_word' id='word_1_36' title='bbox 307 527 591 585; x_wconf 79' lang='lat' dir='ltr'>montium</span> <span class='ocrx_word' id='word_1_37' title='bbox 614 528 860 590; x_wconf 83' lang='lat' dir='ltr'>resistunt</span> <span class='ocrx_word' id='word_1_38' title='bbox 879 580 895 604; x_wconf 88' lang='lat'>,</span> <span class='ocrx_word' id='word_1_39' title='bbox 927 534 1270 615; x_wconf 66' lang='lat' dir='ltr'>inaequaliter</span> 
     </span>
     <span class='ocr_line' id='line_1_13' title="bbox 0 604 1274 698; baseline 0.013 -36"><span class='ocrx_word' id='word_1_40' title='bbox 0 604 280 668; x_wconf 52' lang='lat' dir='ltr'>*tinuaturz</span> <span class='ocrx_word' id='word_1_41' title='bbox 322 631 468 689; x_wconf 87' lang='lat' dir='ltr'>pone</span> <span class='ocrx_word' id='word_1_42' title='bbox 501 631 721 693; x_wconf 85' lang='lat' dir='ltr'>tergum</span> <span class='ocrx_word' id='word_1_43' title='bbox 755 613 1073 698; x_wconf 79' lang='lat' dir='ltr'>insurgebat</span> <span class='ocrx_word' id='word_1_44' title='bbox 1111 619 1274 695; x_wconf 85' lang='lat' dir='ltr'>silva,</span> 
     </span>
     <span class='ocr_line' id='line_1_14' title="bbox 0 682 1277 778; baseline 0.015 -33"><span class='ocrx_word' id='word_1_45' title='bbox 0 682 13 764; x_wconf 66' lang='grc' dir='ltr'>ξῑ</span> <span class='ocrx_word' id='word_1_46' title='bbox 26 688 170 747; x_wconf 69' lang='lat' dir='ltr'>editis</span> <span class='ocrx_word' id='word_1_47' title='bbox 185 691 242 748; x_wconf 89' lang='lat' dir='ltr'>in</span> <span class='ocrx_word' id='word_1_48' title='bbox 266 689 441 749; x_wconf 88' lang='lat' dir='ltr'>altum</span> <span class='ocrx_word' id='word_1_49' title='bbox 466 698 630 752; x_wconf 85' lang='lat' dir='ltr'>ramis</span> <span class='ocrx_word' id='word_1_50' title='bbox 647 743 662 767; x_wconf 87' lang='lat'>‚</span> <span class='ocrx_word' id='word_1_51' title='bbox 685 705 743 755; x_wconf 62' lang='grc' dir='ltr'>ὃς</span> <span class='ocrx_word' id='word_1_52' title='bbox 769 698 902 778; x_wconf 55' lang='lat' dir='ltr'>pura</span> <span class='ocrx_word' id='word_1_53' title='bbox 927 700 1104 759; x_wconf 88' lang='lat' dir='ltr'>humo</span> <span class='ocrx_word' id='word_1_54' title='bbox 1128 705 1277 764; x_wconf 87' lang='lat' dir='ltr'>inter</span> 
     </span>
     <span class='ocr_line' id='line_1_15' title="bbox 0 767 1279 866; baseline 0.014 -38"><span class='ocrx_word' id='word_1_55' title='bbox 0 767 267 831; x_wconf 66' lang='lat' dir='ltr'>&#39;trborum</span> <span class='ocrx_word' id='word_1_56' title='bbox 297 794 534 836; x_wconf 85' lang='lat' dir='ltr'>truncos.</span> <span class='ocrx_word' id='word_1_57' title='bbox 579 781 868 862; x_wconf 81' lang='lat' dir='ltr'>Campum</span> <span class='ocrx_word' id='word_1_58' title='bbox 896 791 952 842; x_wconf 61' lang='grc' dir='ltr'>δέ</span> <span class='ocrx_word' id='word_1_59' title='bbox 978 787 1158 866; x_wconf 77' lang='lat' dir='ltr'>prima</span> <span class='ocrx_word' id='word_1_60' title='bbox 1186 788 1279 846; x_wconf 84' lang='lat' dir='ltr'>fil·-</span> 
     </span>
     <span class='ocr_line' id='line_1_16' title="bbox 26 856 1279 931; baseline 0.014 -17"><span class='ocrx_word' id='word_1_61' title='bbox 26 876 199 914; x_wconf 71' lang='lat' dir='ltr'>rarum</span> <span class='ocrx_word' id='word_1_62' title='bbox 223 904 239 927; x_wconf 83' lang='lat'>‚</span> <span class='ocrx_word' id='word_1_63' title='bbox 279 856 507 917; x_wconf 82' lang='lat' dir='ltr'>barbara</span> <span class='ocrx_word' id='word_1_64' title='bbox 540 862 682 921; x_wconf 79' lang='lat' dir='ltr'>acies</span> <span class='ocrx_word' id='word_1_65' title='bbox 722 867 903 924; x_wconf 85' lang='lat' dir='ltr'>tenuit</span> <span class='ocrx_word' id='word_1_66' title='bbox 931 892 943 925; x_wconf 79' lang='lat' dir='ltr'><strong><em>z</em></strong></span> <span class='ocrx_word' id='word_1_67' title='bbox 989 866 1090 926; x_wconf 80' lang='lat' dir='ltr'>soli</span> <span class='ocrx_word' id='word_1_68' title='bbox 1123 873 1279 931; x_wconf 80' lang='lat' dir='ltr'>Che-</span> 
     </span>
     <span class='ocr_line' id='line_1_17' title="bbox 26 937 1278 1029; baseline 0.016 -35"><span class='ocrx_word' id='word_1_69' title='bbox 26 937 143 997; x_wconf 61' lang='lat' dir='ltr'>rusci</span> <span class='ocrx_word' id='word_1_70' title='bbox 170 947 297 1021; x_wconf 73' lang='lat' dir='ltr'>juga</span> <span class='ocrx_word' id='word_1_71' title='bbox 329 940 578 1003; x_wconf 62' lang='lat' dir='ltr'>insedere</span> <span class='ocrx_word' id='word_1_72' title='bbox 603 993 619 1017; x_wconf 82' lang='grc'>,</span> <span class='ocrx_word' id='word_1_73' title='bbox 656 967 716 1005; x_wconf 87' lang='lat' dir='ltr'>ut</span> <span class='ocrx_word' id='word_1_74' title='bbox 744 950 1128 1029; x_wconf 78' lang='lat' dir='ltr'>proeliantibus</span> <span class='ocrx_word' id='word_1_75' title='bbox 1154 957 1278 1014; x_wconf 82' lang='lat' dir='ltr'>Ro-</span> 
     </span>
     <span class='ocr_line' id='line_1_18' title="bbox 26 1022 1278 1106; baseline 0.015 -27"><span class='ocrx_word' id='word_1_76' title='bbox 26 1023 182 1080; x_wconf 89' lang='lat' dir='ltr'>nanis</span> <span class='ocrx_word' id='word_1_77' title='bbox 217 1022 449 1106; x_wconf 77' lang='lat' dir='ltr'>desuper</span> <span class='ocrx_word' id='word_1_78' title='bbox 489 1028 852 1092; x_wconf 67' lang='lat' dir='ltr'><strong>incurrerent.</strong></span> <span class='ocrx_word' id='word_1_79' title='bbox 893 1036 1091 1094; x_wconf 83' lang='lat' dir='ltr'>Noster</span> <span class='ocrx_word' id='word_1_80' title='bbox 1119 1061 1278 1098; x_wconf 76' lang='lat' dir='ltr'>exer-</span> 
     </span>
     <span class='ocr_line' id='line_1_19' title="bbox 25 1105 1278 1190; baseline 0.016 -28"><span class='ocrx_word' id='word_1_81' title='bbox 25 1105 139 1164; x_wconf 85' lang='lat' dir='ltr'>:itus</span> <span class='ocrx_word' id='word_1_82' title='bbox 169 1105 236 1164; x_wconf 77' lang='lat' dir='ltr'>sic</span> <span class='ocrx_word' id='word_1_83' title='bbox 267 1108 475 1167; x_wconf 82' lang='lat' dir='ltr'>inceffit</span> <span class='ocrx_word' id='word_1_84' title='bbox 502 1136 515 1168; x_wconf 90' lang='lat'><strong>:</strong></span> <span class='ocrx_word' id='word_1_85' title='bbox 561 1115 845 1175; x_wconf 69' lang='lat' dir='ltr'>auxiliares</span> <span class='ocrx_word' id='word_1_86' title='bbox 879 1118 1036 1177; x_wconf 75' lang='lat' dir='ltr'>Galli</span> <span class='ocrx_word' id='word_1_87' title='bbox 1062 1168 1078 1190; x_wconf 83' lang='lat'>‚</span> <span class='ocrx_word' id='word_1_88' title='bbox 1128 1125 1278 1181; x_wconf 91' lang='lat' dir='ltr'>Ger-</span> 
     </span>
     <span class='ocr_line' id='line_1_20' title="bbox 25 1190 1278 1285; baseline 0.017 -40"><span class='ocrx_word' id='word_1_89' title='bbox 25 1190 270 1270; x_wconf 77' lang='lat' dir='ltr'>uanique</span> <span class='ocrx_word' id='word_1_90' title='bbox 316 1192 374 1248; x_wconf 87' lang='lat' dir='ltr'>in</span> <span class='ocrx_word' id='word_1_91' title='bbox 420 1191 606 1255; x_wconf 85' lang='lat' dir='ltr'>fronte</span> <span class='ocrx_word' id='word_1_92' title='bbox 643 1222 655 1254; x_wconf 73' lang='grc' dir='ltr'>ε</span> <span class='ocrx_word' id='word_1_93' title='bbox 712 1200 829 1280; x_wconf 84' lang='lat' dir='ltr'>post</span> <span class='ocrx_word' id='word_1_94' title='bbox 871 1224 1010 1280; x_wconf 90' lang='lat' dir='ltr'>quos</span> <span class='ocrx_word' id='word_1_95' title='bbox 1055 1205 1278 1285; x_wconf 69' lang='lat' dir='ltr'>pedites</span> 
     </span>
     <span class='ocr_line' id='line_1_21' title="bbox 25 1271 1273 1363; baseline 0.017 -34"><span class='ocrx_word' id='word_1_96' title='bbox 25 1271 239 1355; x_wconf 81' lang='lat' dir='ltr'>&#39;agitarii</span> <span class='ocrx_word' id='word_1_97' title='bbox 268 1298 280 1332; x_wconf 71' lang='grc' dir='ltr'>ε</span> <span class='ocrx_word' id='word_1_98' title='bbox 311 1274 444 1333; x_wconf 86' lang='lat' dir='ltr'>dein</span> <span class='ocrx_word' id='word_1_99' title='bbox 467 1299 705 1356; x_wconf 83' lang='lat' dir='ltr'>quatuor</span> <span class='ocrx_word' id='word_1_100' title='bbox 733 1281 984 1363; x_wconf 79' lang='lat' dir='ltr'>legiones</span> <span class='ocrx_word' id='word_1_101' title='bbox 1008 1332 1024 1356; x_wconf 85' lang='lat'>‚</span> <span class='ocrx_word' id='word_1_102' title='bbox 1058 1295 1116 1346; x_wconf 85' lang='lat'>&amp;</span> <span class='ocrx_word' id='word_1_103' title='bbox 1140 1313 1273 1351; x_wconf 84' lang='lat' dir='ltr'>cum</span> 
     </span>
     <span class='ocr_line' id='line_1_22' title="bbox 22 1356 1274 1439; baseline 0.014 -24"><span class='ocrx_word' id='word_1_104' title='bbox 22 1356 212 1415; x_wconf 82' lang='lat' dir='ltr'>luabus</span> <span class='ocrx_word' id='word_1_105' title='bbox 254 1360 517 1438; x_wconf 81' lang='lat' dir='ltr'>praetoriis</span> <span class='ocrx_word' id='word_1_106' title='bbox 556 1363 878 1424; x_wconf 83' lang='lat' dir='ltr'>cohortibus</span> <span class='ocrx_word' id='word_1_107' title='bbox 905 1415 920 1439; x_wconf 87' lang='lat'>‚</span> <span class='ocrx_word' id='word_1_108' title='bbox 953 1392 1014 1427; x_wconf 87' lang='lat' dir='ltr'>ac</span> <span class='ocrx_word' id='word_1_109' title='bbox 1050 1370 1274 1434; x_wconf 61' lang='lat' dir='ltr'>delecto</span> 
     </span>
     <span class='ocr_line' id='line_1_23' title="bbox 22 1440 1274 1535; baseline 0.014 -37"><span class='ocrx_word' id='word_1_110' title='bbox 22 1440 190 1521; x_wconf 62' lang='lat' dir='ltr'>{quite</span> <span class='ocrx_word' id='word_1_111' title='bbox 208 1440 388 1500; x_wconf 82' lang='lat' dir='ltr'>Caesar</span> <span class='ocrx_word' id='word_1_112' title='bbox 408 1445 562 1503; x_wconf 82' lang='lat' dir='ltr'>:exin</span> <span class='ocrx_word' id='word_1_113' title='bbox 584 1447 826 1507; x_wconf 85' lang='lat' dir='ltr'>totidem</span> <span class='ocrx_word' id='word_1_114' title='bbox 846 1449 961 1510; x_wconf 68' lang='lat' dir='ltr'>aliae</span> <span class='ocrx_word' id='word_1_115' title='bbox 985 1451 1234 1535; x_wconf 82' lang='lat' dir='ltr'>legiones</span> <span class='ocrx_word' id='word_1_116' title='bbox 1252 1506 1274 1532; x_wconf 88' lang='lat'>,</span> 
     </span>
     <span class='ocr_line' id='line_1_24' title="bbox 21 1522 1272 1618; baseline 0.014 -35"><span class='ocrx_word' id='word_1_117' title='bbox 21 1532 58 1583; x_wconf 65' lang='lat' dir='ltr'>{c</span> <span class='ocrx_word' id='word_1_118' title='bbox 86 1522 219 1583; x_wconf 86' lang='lat' dir='ltr'>levis</span> <span class='ocrx_word' id='word_1_119' title='bbox 249 1547 525 1587; x_wconf 86' lang='lat' dir='ltr'>armatura</span> <span class='ocrx_word' id='word_1_120' title='bbox 558 1554 687 1589; x_wconf 85' lang='lat' dir='ltr'>cum</span> <span class='ocrx_word' id='word_1_121' title='bbox 725 1534 914 1612; x_wconf 88' lang='lat' dir='ltr'>equite</span> <span class='ocrx_word' id='word_1_122' title='bbox 943 1534 1226 1618; x_wconf 84' lang='lat' dir='ltr'>sagittario</span> <span class='ocrx_word' id='word_1_123' title='bbox 1252 1589 1272 1615; x_wconf 81' lang='lat'>,</span> 
     </span>
     <span class='ocr_line' id='line_1_25' title="bbox 21 1609 1273 1688; baseline 0.018 -23"><span class='ocrx_word' id='word_1_124' title='bbox 21 1627 301 1688; x_wconf 79' lang='lat' dir='ltr'>:eteraeque</span> <span class='ocrx_word' id='word_1_125' title='bbox 349 1609 626 1671; x_wconf 83' lang='lat' dir='ltr'>sociorum</span> <span class='ocrx_word' id='word_1_126' title='bbox 677 1616 950 1678; x_wconf 79' lang='lat' dir='ltr'>cohortes,</span> <span class='ocrx_word' id='word_1_127' title='bbox 1016 1622 1273 1687; x_wconf 85' lang='lat' dir='ltr'>Intentus</span> 
     </span>
    </p>
   </div>
   <div class='ocr_carea' id='block_1_4' title="bbox 20 1691 1271 1837">
    <p class='ocr_par' dir='ltr' id='par_1_4' title="bbox 20 1691 1271 1837">
     <span class='ocr_line' id='line_1_26' title="bbox 20 1691 1271 1784; baseline 0.018 -36"><span class='ocrx_word' id='word_1_128' title='bbox 20 1691 323 1771; x_wconf 67' lang='lat' dir='ltr'>&gt;aratrisque</span> <span class='ocrx_word' id='word_1_129' title='bbox 373 1693 531 1754; x_wconf 87' lang='lat' dir='ltr'>miles</span> <span class='ocrx_word' id='word_1_130' title='bbox 556 1744 572 1768; x_wconf 87' lang='lat'>‚</span> <span class='ocrx_word' id='word_1_131' title='bbox 627 1719 688 1758; x_wconf 89' lang='lat' dir='ltr'>ut</span> <span class='ocrx_word' id='word_1_132' title='bbox 733 1699 875 1758; x_wconf 88' lang='lat' dir='ltr'>ordo</span> <span class='ocrx_word' id='word_1_133' title='bbox 925 1704 1162 1784; x_wconf 85' lang='lat' dir='ltr'>agminis</span> <span class='ocrx_word' id='word_1_134' title='bbox 1206 1710 1271 1771; x_wconf 83' lang='lat' dir='ltr'>in.</span> 
     </span>
     <span class='ocr_line' id='line_1_27' title="bbox 20 1775 502 1837; baseline 0.006 -3"><span class='ocrx_word' id='word_1_135' title='bbox 20 1775 178 1834; x_wconf 53' lang='lat' dir='ltr'>{ciem</span> <span class='ocrx_word' id='word_1_136' title='bbox 213 1775 502 1837; x_wconf 68' lang='lat' dir='ltr'>adsisteret.</span> 
     </span>
    </p>
   </div>
   <div class='ocr_carea' id='block_1_5' title="bbox 0 1859 1269 2626">
    <p class='ocr_par' dir='ltr' id='par_1_5' title="bbox 0 1859 1269 2626">
     <span class='ocr_line' id='line_1_28' title="bbox 78 1859 1267 1946; baseline 0.015 -31"><span class='ocrx_word' id='word_1_137' title='bbox 78 1859 271 1917; x_wconf 84' lang='lat' dir='ltr'>XVII.</span> <span class='ocrx_word' id='word_1_138' title='bbox 313 1860 476 1919; x_wconf 85' lang='lat' dir='ltr'>VISIS</span> <span class='ocrx_word' id='word_1_139' title='bbox 526 1860 943 1926; x_wconf 80' lang='lat' dir='ltr'>Cheruscorum</span> <span class='ocrx_word' id='word_1_140' title='bbox 994 1871 1226 1932; x_wconf 85' lang='lat' dir='ltr'>catervis</span> <span class='ocrx_word' id='word_1_141' title='bbox 1246 1920 1267 1946; x_wconf 89' lang='lat'>‚</span> 
     </span>
     <span class='ocr_line' id='line_1_29' title="bbox 0 1939 1269 2029; baseline 0.017 -33"><span class='ocrx_word' id='word_1_142' title='bbox 0 1961 117 2016; x_wconf 66' lang='lat' dir='ltr'>⁵ua:</span> <span class='ocrx_word' id='word_1_143' title='bbox 141 1962 236 2022; x_wconf 81' lang='lat' dir='ltr'>per</span> <span class='ocrx_word' id='word_1_144' title='bbox 272 1939 540 2003; x_wconf 81' lang='lat' dir='ltr'>ferociam</span> <span class='ocrx_word' id='word_1_145' title='bbox 569 1968 934 2029; x_wconf 81' lang='lat' dir='ltr'>proruperant</span> <span class='ocrx_word' id='word_1_146' title='bbox 960 2001 975 2024; x_wconf 85' lang='lat'>‚</span> <span class='ocrx_word' id='word_1_147' title='bbox 1016 1954 1269 2018; x_wconf 54' lang='lat' dir='ltr'>vahdiffu</span> 
     </span>
     <span class='ocr_line' id='line_1_30' title="bbox 18 2024 1266 2108; baseline 0.017 -29"><span class='ocrx_word' id='word_1_148' title='bbox 18 2046 120 2081; x_wconf 82' lang='lat' dir='ltr'>nos</span> <span class='ocrx_word' id='word_1_149' title='bbox 143 2024 398 2104; x_wconf 82' lang='lat' dir='ltr'>equitum</span> <span class='ocrx_word' id='word_1_150' title='bbox 417 2029 695 2089; x_wconf 87' lang='lat' dir='ltr'>incurrere</span> <span class='ocrx_word' id='word_1_151' title='bbox 721 2030 858 2093; x_wconf 83' lang='lat' dir='ltr'>latus</span> <span class='ocrx_word' id='word_1_152' title='bbox 881 2084 897 2108; x_wconf 84' lang='lat'>‚</span> <span class='ocrx_word' id='word_1_153' title='bbox 931 2038 1266 2102; x_wconf 84' lang='lat' dir='ltr'>Stertinium</span> 
     </span>
     <span class='ocr_line' id='line_1_31' title="bbox 33 2110 1263 2206; baseline 0.016 -42.477"><span class='ocrx_word' id='word_1_154' title='bbox 33 2129 128 2169; x_wconf 89' lang='lat' dir='ltr'>um</span> <span class='ocrx_word' id='word_1_155' title='bbox 161 2110 354 2167; x_wconf 85' lang='lat' dir='ltr'>ceteris</span> <span class='ocrx_word' id='word_1_156' title='bbox 382 2114 577 2171; x_wconf 84' lang='lat' dir='ltr'>turmis</span> <span class='ocrx_word' id='word_1_157' title='bbox 617 2114 990 2200; x_wconf 82' lang='lat' dir='ltr'>circumgredi</span> <span class='ocrx_word' id='word_1_158' title='bbox 1019 2169 1034 2192; x_wconf 85' lang='grc'>,</span> <span class='ocrx_word' id='word_1_159' title='bbox 1079 2126 1263 2206; x_wconf 86' lang='lat' dir='ltr'>terga-</span> 
     </span>
     <span class='ocr_line' id='line_1_32' title="bbox 0 2191 1263 2289; baseline 0.016 -43"><span class='ocrx_word' id='word_1_160' title='bbox 0 2193 2 2254; x_wconf 67' lang='grc' dir='ltr'><em>ῗ</em></span> <span class='ocrx_word' id='word_1_161' title='bbox 43 2213 107 2250; x_wconf 88' lang='lat' dir='ltr'>ue</span> <span class='ocrx_word' id='word_1_162' title='bbox 154 2191 416 2254; x_wconf 83' lang='lat' dir='ltr'>invadere</span> <span class='ocrx_word' id='word_1_163' title='bbox 462 2197 619 2278; x_wconf 88' lang='lat' dir='ltr'>jubet</span> <span class='ocrx_word' id='word_1_164' title='bbox 658 2245 673 2269; x_wconf 91' lang='lat'>‚</span> <span class='ocrx_word' id='word_1_165' title='bbox 734 2198 847 2281; x_wconf 84' lang='lat' dir='ltr'>ipse</span> <span class='ocrx_word' id='word_1_166' title='bbox 893 2204 952 2260; x_wconf 90' lang='lat' dir='ltr'>in</span> <span class='ocrx_word' id='word_1_167' title='bbox 1003 2224 1263 2289; x_wconf 74' lang='lat' dir='ltr'>tempore</span> 
     </span>
     <span class='ocr_line' id='line_1_33' title="bbox 0 2271 1263 2373; baseline 0.017 -42"><span class='ocrx_word' id='word_1_168' title='bbox 0 2271 300 2335; x_wconf 68' lang='lat' dir='ltr'>idfuturuS.</span> <span class='ocrx_word' id='word_1_169' title='bbox 350 2280 571 2340; x_wconf 81' lang='lat' dir='ltr'>Interea</span> <span class='ocrx_word' id='word_1_170' title='bbox 604 2280 1044 2363; x_wconf 87' lang='lat' dir='ltr'>pulcherrimum</span> <span class='ocrx_word' id='word_1_171' title='bbox 1086 2314 1263 2373; x_wconf 68' lang='lat' dir='ltr'>augu-</span> 
     </span>
     <span class='ocr_line' id='line_1_34' title="bbox 0 2355 1262 2447; baseline 0.02 -34"><span class='ocrx_word' id='word_1_172' title='bbox 0 2355 144 2415; x_wconf 63' lang='lat' dir='ltr'>:ium</span> <span class='ocrx_word' id='word_1_173' title='bbox 158 2406 174 2430; x_wconf 84' lang='lat'>‚</span> <span class='ocrx_word' id='word_1_174' title='bbox 193 2363 319 2417; x_wconf 58' lang='lat' dir='ltr'>octo</span> <span class='ocrx_word' id='word_1_175' title='bbox 337 2363 530 2442; x_wconf 68' lang='lat' dir='ltr'>aquilae</span> <span class='ocrx_word' id='word_1_176' title='bbox 555 2386 742 2447; x_wconf 81' lang='lat' dir='ltr'>petere</span> <span class='ocrx_word' id='word_1_177' title='bbox 768 2366 920 2428; x_wconf 83' lang='lat' dir='ltr'>silvas</span> <span class='ocrx_word' id='word_1_178' title='bbox 935 2418 951 2442; x_wconf 86' lang='lat'>‚</span> <span class='ocrx_word' id='word_1_179' title='bbox 973 2379 1031 2431; x_wconf 86' lang='lat'>&amp;</span> <span class='ocrx_word' id='word_1_180' title='bbox 1052 2372 1262 2438; x_wconf 82' lang='lat' dir='ltr'>intrare</span> 
     </span>
     <span class='ocr_line' id='line_1_35' title="bbox 0 2437 1258 2535; baseline 0.02 -40"><span class='ocrx_word' id='word_1_181' title='bbox 0 2487 2 2493; x_wconf 95' lang='lat'>.</span> <span class='ocrx_word' id='word_1_182' title='bbox 38 2437 118 2498; x_wconf 88' lang='lat' dir='ltr'>isae</span> <span class='ocrx_word' id='word_1_183' title='bbox 136 2489 152 2513; x_wconf 92' lang='lat'>,</span> <span class='ocrx_word' id='word_1_184' title='bbox 178 2442 575 2524; x_wconf 84' lang='lat' dir='ltr'>imperatorem</span> <span class='ocrx_word' id='word_1_185' title='bbox 602 2448 887 2512; x_wconf 60' lang='lat' dir='ltr'>advertere</span> <span class='ocrx_word' id='word_1_186' title='bbox 907 2479 919 2512; x_wconf 90' lang='lat'>:</span> <span class='ocrx_word' id='word_1_187' title='bbox 941 2454 1214 2519; x_wconf 83' lang='lat' dir='ltr'>exclamat</span> <span class='ocrx_word' id='word_1_188' title='bbox 1236 2507 1258 2535; x_wconf 85' lang='lat'>,</span> 
     </span>
     <span class='ocr_line' id='line_1_36' title="bbox 56 2525 1264 2626; baseline 0.018 -46"><span class='ocrx_word' id='word_1_189' title='bbox 56 2525 205 2583; x_wconf 83' lang='lat' dir='ltr'>Irent</span> <span class='ocrx_word' id='word_1_190' title='bbox 228 2573 244 2598; x_wconf 89' lang='lat'>,</span> <span class='ocrx_word' id='word_1_191' title='bbox 267 2526 625 2610; x_wconf 87' lang='lat' dir='ltr'>sequerentur</span> <span class='ocrx_word' id='word_1_192' title='bbox 645 2535 930 2598; x_wconf 84' lang='lat' dir='ltr'>Romanas</span> <span class='ocrx_word' id='word_1_193' title='bbox 951 2563 1076 2600; x_wconf 86' lang='lat' dir='ltr'>aves</span> <span class='ocrx_word' id='word_1_194' title='bbox 1097 2590 1114 2614; x_wconf 84' lang='lat'>‚</span> <span class='ocrx_word' id='word_1_195' title='bbox 1139 2566 1264 2626; x_wconf 72' lang='lat' dir='ltr'>pro-</span> 
     </span>
    </p>
   </div>
   <div class='ocr_carea' id='block_1_6' title="bbox 102 2610 1008 2684">
    <p class='ocr_par' dir='ltr' id='par_1_6' title="bbox 102 2610 1008 2684">
     <span class='ocr_line' id='line_1_37' title="bbox 102 2610 1008 2684; baseline 0.022 -20"><span class='ocrx_word' id='word_1_196' title='bbox 102 2610 251 2667; x_wconf 85' lang='lat' dir='ltr'>Tom.</span> <span class='ocrx_word' id='word_1_197' title='bbox 282 2615 329 2671; x_wconf 89' lang='lat' dir='ltr'>I.</span> <span class='ocrx_word' id='word_1_198' title='bbox 962 2624 1008 2684; x_wconf 85' lang='lat' dir='ltr'>E</span> 
     </span>
    </p>
   </div>
   <div class='ocr_carea' id='block_1_7' title="bbox 0 186 1489 285">
    <p class='ocr_par' dir='ltr' id='par_1_7' title="bbox 0 186 1489 285">
     <span class='ocr_line' id='line_1_38' title="bbox 0 186 1489 285; baseline 0.012 -35"><span class='ocrx_word' id='word_1_199' title='bbox 0 199 5 209; x_wconf 90' lang='lat'>&#39;</span> <span class='ocrx_word' id='word_1_200' title='bbox 91 186 254 252; x_wconf 86' lang='lat' dir='ltr'><strong>XVI.</strong></span> <span class='ocrx_word' id='word_1_201' title='bbox 292 194 386 251; x_wconf 80' lang='lat' dir='ltr'>Sic</span> <span class='ocrx_word' id='word_1_202' title='bbox 429 213 720 252; x_wconf 82' lang='lat' dir='ltr'>ACCENSOS</span> <span class='ocrx_word' id='word_1_203' title='bbox 758 203 816 255; x_wconf 71' lang='grc' dir='ltr'>δε</span> <span class='ocrx_word' id='word_1_204' title='bbox 856 200 1117 280; x_wconf 81' lang='lat' dir='ltr'>proelium</span> <span class='ocrx_word' id='word_1_205' title='bbox 1155 207 1489 285; x_wconf 53' lang='lat' dir='ltr'>pos-³5:⁶53</span> 
     </span>
    </p>
   </div>
   <div class='ocr_carea' id='block_1_8' title="bbox 1299 282 1488 336">
    <p class='ocr_par' dir='ltr' id='par_1_8' title="bbox 1299 282 1488 336">
     <span class='ocr_line' id='line_1_39' title="bbox 1299 282 1488 336; baseline 0.042 -18"><span class='ocrx_word' id='word_1_206' title='bbox 1299 282 1330 318; x_wconf 83' lang='lat' dir='ltr'>A</span> <span class='ocrx_word' id='word_1_207' title='bbox 1363 285 1412 322; x_wconf 86' lang='lat' dir='ltr'>U.</span> <span class='ocrx_word' id='word_1_208' title='bbox 1434 287 1488 336; x_wconf 54' lang='lat' dir='ltr'>c„</span> 
     </span>
    </p>
   </div>
   <div class='ocr_carea' id='block_1_9' title="bbox 1332 353 1445 547">
    <p class='ocr_par' dir='ltr' id='par_1_9' title="bbox 1332 353 1445 547">
     <span class='ocr_line' id='line_1_40' title="bbox 1335 353 1445 399; baseline 0.009 -2"><span class='ocrx_word' id='word_1_209' title='bbox 1335 353 1445 399; x_wconf 78' lang='lat'><em>769.</em></span> 
     </span>
     <span class='ocr_line' id='line_1_41' title="bbox 1332 423 1444 465; baseline 0.063 -6"><span class='ocrx_word' id='word_1_210' title='bbox 1332 423 1365 460; x_wconf 87' lang='lat' dir='ltr'>J.</span> <span class='ocrx_word' id='word_1_211' title='bbox 1391 426 1444 465; x_wconf 82' lang='lat' dir='ltr'>C.</span> 
     </span>
     <span class='ocr_line' id='line_1_42' title="bbox 1354 493 1428 547; baseline 0.041 -19"><span class='ocrx_word' id='word_1_212' title='bbox 1354 493 1428 547; x_wconf 63' lang='lat'>¹⁸52,</span> 
     </span>
    </p>
   </div>
  </div>
 </body>
</html>
