1639 3115
253 123 377 186 cxiv
517 126 1291 184 TESTIMONIA

284 214 1507 331 APOLLINARIEWSIDONIUS.

332 373 334 375 ’
637 384 868 461 Epistol.
902 383 1021 450 IV,
1057 403 1145 454 14.

324 497 438 546 S1D
458 511 490 546 o
509 512 538 545 N
556 513 572 544 1
590 511 654 544 us
705 491 947 545 Polemio
987 495 1000 517 ¹
1037 493 1129 544 suo
1184 491 1414 545 salutem.
1470 492 1538 545 Cn.

256 560 471 612 Tacitus
493 578 624 612 unus
651 577 679 610 e
709 559 998 623 majoribus
1024 559 1125 611 tuis
1145 596 1160 619 ‚
1190 559 1536 625 Ulpianorum

257 639 558 691 temporum
581 625 864 678 consularis
885 663 899 685 ,
934 626 1024 677 sub
1052 625 1224 677 verbis
1250 623 1537 697 cujuspiam

259 692 562 744 Germanici
586 692 729 743 ducis
758 693 813 742 in
837 691 1063 743 Historia
1087 691 1173 743 sua
1196 689 1376 743 retulit
1397 729 1413 753 ,
1450 689 1537 738 di-

256 776 380 810 cens
406 777 419 810 :
458 757 573 809 Cum
595 757 863 826 Vefimfiano
887 757 998 807 mihi
1016 773 1148 808 vetus
1167 756 1377 808 amicitia
1397 794 1416 817 ,
1449 752 1536 814 θ’,

255 823 361 875 dum
375 825 588 888 privatus
607 827 708 892 effer
724 865 741 885 ,
775 825 911 875 amici
935 824 1207 875 vocabamur
1225 830 1269 875 2.

475 935 588 992 ID
611 936 654 993 E
677 935 750 992 M
802 937 1030 1014 Epistol.
1058 937 1175 1004 IV,
1218 955 1312 993 22.

322 1046 385 1095 S1
403 1063 436 1094 D
456 1062 488 1096 o
509 1065 620 1097 Nm
638 1066 657 1096 s
711 1046 888 1098 Leoni
921 1056 937 1090 3
976 1046 1066 1097 suo
1118 1045 1354 1097 salutem.
1441 1044 1537 1098 Vir·

254 1110 565 1175 magnificus
607 1112 885 1176 Hesperius
924 1152 938 1173 ‚
993 1128 1199 1176 gemma
1244 1110 1536 1162 amicorum

257 1175 632 1243 literarumque
649 1218 663 1240 ,
703 1196 866 1244 nuper
889 1178 1019 1228 urbe
1040 1180 1164 1228 curn
1189 1176 1351 1227 rediit¹
1370 1193 1397 1227 e
1418 1177 1538 1227 To·-

255 1241 501 1293 lez-sarium
519 1284 535 1305 ,
564 1246 840 1311 praecipere
865 1257 916 1296 te
942 1243 1077 1294 dixit
1093 1283 1107 1305 ‚
1129 1255 1185 1294 ut
1206 1242 1538 1308 epistolarum

256 1325 434 1359 curam
458 1350 473 1371 ‚
518 1312 623 1374 jam
650 1310 940 1363 terminatis
968 1309 1112 1360 libris
1140 1326 1316 1360 earum
1343 1347 1358 1369 ,
1398 1325 1537 1359 con-

254 1389 577 1429 verteremus
613 1378 677 1428 ad
714 1378 899 1443 stylum
927 1374 1180 1426 Historiae.
1218 1373 1540 1426 Reverentia

255 1439 455 1491 summa
485 1481 502 1502 ,
555 1443 755 1494 summo
805 1445 863 1495 &c
910 1442 1095 1493 affeetu
1122 1482 1137 1503 ,
1184 1441 1343 1492 talem
1379 1453 1539 1506 atque

256 1519 456 1557 tantam
514 1508 826 1561 sententiam
884 1508 1186 1574 amplecmr.
1276 1507 1539 1558 Idoneum

256 1572 452 1638 quippe
480 1576 796 1640 pronuncias
826 1576 891 1625 ad
919 1575 1119 1636 majora
1148 1590 1307 1638 opera
1326 1612 1340 1634 ‚
1379 1589 1540 1638 quem

253 1640 548 1692 mediocria
578 1657 721 1706 putas
751 1641 980 1692 deserere
1019 1641 1227 1691 debere.
1264 1639 1365 1689 Sed
1391 1639 1539 1702 quod

253 1704 531 1756 fatendum
559 1709 627 1758 est
646 1746 661 1769 ,
698 1708 903 1760 facilius
923 1707 1094 1759 audeo
1122 1705 1421 1769 hujusmodi
1443 1704 1541 1756 sus-

253 1771 429 1836 picere
454 1773 710 1836 judicium
732 1814 746 1837 ‚
782 1776 940 1840 quam
963 1772 1213 1838 suscipere
1240 1771 1542 1824 confilium.

251 1839 354 1890 Res
388 1839 603 1904 quidem
635 1840 828 1905 digna,
869 1857 1025 1905 quam
1068 1851 1124 1890 tu
1162 1840 1407 1901 juberes:
1451 1837 1500 1890 se

253 1905 564 1956 nonominits
594 1906 751 1972 digna
772 1944 787 1966 ‚
821 1923 977 1971 quam
1002 1902 1215 1954 faceres,
1256 1906 1501 1970 Namque
1519 1944 1539 1966 ‚
1563 1917 1566 1919 ·

255 1970 314 2020 &
329 1971 617 2037 antiquitus
635 2012 648 2031 ,
669 1977 788 2024 cum
806 1972 865 2022 C.
886 1969 1169 2022 Cornelius
1183 1969 1539 2021 C.Secundo4

253 2035 398 2103 paria
425 2037 673 2102 suasisset,
705 2039 811 2105 ipse
854 2037 1188 2104 postmodum
1214 2075 1229 2098 ‚
1269 2037 1416 2102 quod
1447 2035 1538 2087 in·-

311 2194 326 2215 ἱ
349 2185 414 2225 De
442 2174 633 2227 Polemio
662 2188 741 2235 jam
771 2186 861 2228 dic·

253 2249 343 2278 turn
362 2242 406 2278 in
423 2240 668 2282 Praefatione
681 2253 860 2295 p.XXVI.

253 2294 333 2335 Vir
349 2293 426 2333 fuit
440 2295 705 2346 plurimarum
720 2297 861 2336 litera-

255 2360 349 2387 rum
373 2352 411 2389 δε
432 2350 651 2391 Platonicae
678 2351 862 2403 philoso-

255 2403 361 2456 phiae
380 2403 588 2445 studiosus.
614 2406 724 2446 Vide
747 2405 863 2445 Sido-

257 2457 374 2496 nium
408 2457 453 2497 in
490 2459 735 2499 carminibus
766 2461 862 2502 XIV

259 2512 303 2552 &
328 2513 417 2552 XV.

321 2575 341 2598 2
362 2564 492 2605 Tacit.
514 2565 617 2607 Hist.
633 2568 686 2615 V,
715 2576 777 2608 26.

322 2631 338 2661 3
362 2621 448 2668 Leo
462 2621 599 2670 Eurici
616 2625 656 2665 Sc
676 2620 862 2674 Alarici,

932 2199 1074 2240 regum
1100 2187 1336 2227 Gothorum
1360 2217 1371 2234 ‚
1403 2185 1538 2226 confi-

931 2242 1070 2280 liarius
1092 2274 1101 2289 ,
1131 2240 1373 2294 eloquentiae
1390 2272 1400 2287 ‚
1433 2255 1536 2292 poe-

931 2297 1019 2336 ticae
1035 2297 1073 2333 ὃ(
1088 2295 1264 2348 politicae
1281 2295 1374 2333 artis
1398 2293 1537 2334 studiis

932 2351 1059 2390 clarus
1151 2362 1195 2388 ut
1228 2347 1414 2389 ferebant
1453 2351 1539 2391 haec

933 2460 1114 2499 tissimus.

984 2523 1005 2552 4
1042 2512 1193 2552 Plinio.
1257 2513 1343 2552 Hac
1397 2511 1448 2551 de
1493 2525 1536 2552 re

931 2567 1086 2607 distum
1156 2568 1201 2607 in
1257 2564 1534 2617 Praefatione,

931 2635 1021 2677 pag.
1052 2619 1130 2673 xij.
1360 2623 1363 2625 ’

932 2415 1115 2456 tempora
1140 2418 1163 2454 ς,
1195 2403 1373 2457 ideoque
1399 2403 1540 2445 lauda·
1612 2452 1613 2455 Ἴ
