<?xml version="1.0" encoding="UTF-8"?>
<!DOCTYPE html PUBLIC "-//W3C//DTD XHTML 1.0 Transitional//EN"
    "http://www.w3.org/TR/xhtml1/DTD/xhtml1-transitional.dtd">
<html xmlns="http://www.w3.org/1999/xhtml" xml:lang="en" lang="en">
 <head>
  <title>
</title>
<meta http-equiv="Content-Type" content="text/html;charset=utf-8" />
  <meta name='ocr-system' content='tesseract 3.04.00' />
  <meta name='ocr-capabilities' content='ocr_page ocr_carea ocr_par ocr_line ocrx_word'/>
</head>
<body>
  <div class='ocr_page' id='page_1' title='image "./ccorneliitacitio01taci_0056.png"; bbox 0 0 1682 3110; ppageno 0'>
   <div class='ocr_carea' id='block_1_1' title="bbox 238 151 1251 252">
    <p class='ocr_par' dir='ltr' id='par_1_1' title="bbox 238 151 1251 252">
     <span class='ocr_line' id='line_1_1' title="bbox 238 151 1251 252; baseline 0 -25"><span class='ocrx_word' id='word_1_1' title='bbox 238 157 388 252; x_wconf 64' lang='lat' dir='ltr'>xlvj</span> <span class='ocrx_word' id='word_1_2' title='bbox 498 155 560 226; x_wconf 82' lang='lat' dir='ltr'><em>P</em></span> <span class='ocrx_word' id='word_1_3' title='bbox 593 151 971 227; x_wconf 64' lang='lat' dir='ltr'><em>RAE‘FA</em></span> <span class='ocrx_word' id='word_1_4' title='bbox 1016 154 1251 227; x_wconf 73' lang='lat' dir='ltr'>Tro,</span> 
     </span>
    </p>
   </div>
   <div class='ocr_carea' id='block_1_2' title="bbox 230 269 1547 2635">
    <p class='ocr_par' dir='ltr' id='par_1_2' title="bbox 237 269 1547 1950">
     <span class='ocr_line' id='line_1_2' title="bbox 237 269 1518 362; baseline -0.002 -22"><span class='ocrx_word' id='word_1_5' title='bbox 237 270 652 362; x_wconf 82' lang='lat' dir='ltr'>recognitum</span> <span class='ocrx_word' id='word_1_6' title='bbox 678 319 698 354; x_wconf 84' lang='lat'><strong><em>,</em></strong></span> <span class='ocrx_word' id='word_1_7' title='bbox 729 291 1120 362; x_wconf 81' lang='lat' dir='ltr'><strong>proponere.</strong></span> <span class='ocrx_word' id='word_1_8' title='bbox 1168 269 1400 357; x_wconf 68' lang='lat' dir='ltr'>Tum3</span> <span class='ocrx_word' id='word_1_9' title='bbox 1442 292 1518 342; x_wconf 81' lang='lat' dir='ltr'>ut</span> 
     </span>
     <span class='ocr_line' id='line_1_3' title="bbox 240 361 1520 457; baseline -0.001 -23"><span class='ocrx_word' id='word_1_10' title='bbox 240 363 450 434; x_wconf 85' lang='lat' dir='ltr'>obviae</span> <span class='ocrx_word' id='word_1_11' title='bbox 481 366 548 430; x_wconf 90' lang='lat' dir='ltr'>in</span> <span class='ocrx_word' id='word_1_12' title='bbox 579 365 858 453; x_wconf 84' lang='lat' dir='ltr'>antiquis</span> <span class='ocrx_word' id='word_1_13' title='bbox 891 361 1307 457; x_wconf 84' lang='lat' dir='ltr'>scriptoribus</span> <span class='ocrx_word' id='word_1_14' title='bbox 1344 364 1520 434; x_wconf 85' lang='lat' dir='ltr'>diffi-</span> 
     </span>
     <span class='ocr_line' id='line_1_4' title="bbox 239 456 1520 547; baseline 0.001 -18"><span class='ocrx_word' id='word_1_15' title='bbox 239 459 516 530; x_wconf 86' lang='lat' dir='ltr'>cultates</span> <span class='ocrx_word' id='word_1_16' title='bbox 572 480 1032 526; x_wconf 79' lang='lat' dir='ltr'>amoverentur</span> <span class='ocrx_word' id='word_1_17' title='bbox 1072 509 1094 544; x_wconf 83' lang='lat'><strong><em>,</em></strong></span> <span class='ocrx_word' id='word_1_18' title='bbox 1161 456 1330 547; x_wconf 83' lang='lat' dir='ltr'>juvit</span> <span class='ocrx_word' id='word_1_19' title='bbox 1380 485 1520 531; x_wconf 88' lang='lat' dir='ltr'>non</span> 
     </span>
     <span class='ocr_line' id='line_1_5' title="bbox 238 552 1526 648; baseline -0.002 -23"><span class='ocrx_word' id='word_1_20' title='bbox 238 554 446 625; x_wconf 79' lang='lat' dir='ltr'>modo</span> <span class='ocrx_word' id='word_1_21' title='bbox 469 575 843 646; x_wconf 90' lang='lat' dir='ltr'>temporum</span> <span class='ocrx_word' id='word_1_22' title='bbox 866 552 1228 622; x_wconf 87' lang='lat' dir='ltr'>discrimina</span> <span class='ocrx_word' id='word_1_23' title='bbox 1246 555 1526 648; x_wconf 50' lang='lat' dir='ltr'>ssgnarej&#39;</span> 
     </span>
     <span class='ocr_line' id='line_1_6' title="bbox 237 645 1522 740; baseline 0 -21"><span class='ocrx_word' id='word_1_24' title='bbox 237 649 349 719; x_wconf 86' lang='lat' dir='ltr'>sed</span> <span class='ocrx_word' id='word_1_25' title='bbox 379 656 445 717; x_wconf 65' lang='grc' dir='ltr'>ἃ</span> <span class='ocrx_word' id='word_1_26' title='bbox 473 671 549 716; x_wconf 90' lang='lat' dir='ltr'>ea</span> <span class='ocrx_word' id='word_1_27' title='bbox 579 647 660 716; x_wconf 89' lang='lat' dir='ltr'>ad</span> <span class='ocrx_word' id='word_1_28' title='bbox 684 645 976 717; x_wconf 83' lang='lat' dir='ltr'>calculos</span> <span class='ocrx_word' id='word_1_29' title='bbox 1002 700 1024 736; x_wconf 86' lang='lat'><em>,</em></span> <span class='ocrx_word' id='word_1_30' title='bbox 1079 646 1312 740; x_wconf 88' lang='lat' dir='ltr'>quibus</span> <span class='ocrx_word' id='word_1_31' title='bbox 1342 676 1522 719; x_wconf 84' lang='lat' dir='ltr'>nunc</span> 
     </span>
     <span class='ocr_line' id='line_1_7' title="bbox 239 742 1547 832; baseline -0.002 -18"><span class='ocrx_word' id='word_1_32' title='bbox 239 747 483 814; x_wconf 89' lang='lat' dir='ltr'>utimur</span> <span class='ocrx_word' id='word_1_33' title='bbox 507 795 527 831; x_wconf 83' lang='grc'>,</span> <span class='ocrx_word' id='word_1_34' title='bbox 575 767 885 813; x_wconf 85' lang='lat' dir='ltr'>revocare</span> <span class='ocrx_word' id='word_1_35' title='bbox 917 772 929 811; x_wconf 94' lang='lat'><strong>:</strong></span> <span class='ocrx_word' id='word_1_36' title='bbox 976 767 1289 814; x_wconf 89' lang='lat' dir='ltr'>terrarum</span> <span class='ocrx_word' id='word_1_37' title='bbox 1321 742 1472 812; x_wconf 90' lang='lat' dir='ltr'>loca</span> <span class='ocrx_word' id='word_1_38' title='bbox 1496 758 1547 832; x_wconf 61' lang='lat'>,‘</span> 
     </span>
     <span class='ocr_line' id='line_1_8' title="bbox 241 837 1532 932; baseline 0 -26"><span class='ocrx_word' id='word_1_39' title='bbox 241 863 524 932; x_wconf 91' lang='lat' dir='ltr'>quorum</span> <span class='ocrx_word' id='word_1_40' title='bbox 546 840 807 930; x_wconf 82' lang='lat' dir='ltr'>insignis</span> <span class='ocrx_word' id='word_1_41' title='bbox 834 837 997 907; x_wconf 89' lang='lat' dir='ltr'>olim</span> <span class='ocrx_word' id='word_1_42' title='bbox 1018 840 1141 908; x_wconf 90' lang='lat' dir='ltr'>fuit</span> <span class='ocrx_word' id='word_1_43' title='bbox 1167 841 1483 908; x_wconf 86' lang='lat' dir='ltr'>memoria</span> <span class='ocrx_word' id='word_1_44' title='bbox 1496 889 1532 927; x_wconf 57' lang='lat'>,2</span> 
     </span>
     <span class='ocr_line' id='line_1_9' title="bbox 244 935 1521 1025; baseline 0.001 -23"><span class='ocrx_word' id='word_1_45' title='bbox 244 959 399 1002; x_wconf 91' lang='lat' dir='ltr'>cum</span> <span class='ocrx_word' id='word_1_46' title='bbox 430 935 504 1001; x_wconf 89' lang='lat' dir='ltr'>iis</span> <span class='ocrx_word' id='word_1_47' title='bbox 535 959 676 1025; x_wconf 81' lang='lat' dir='ltr'>quae</span> <span class='ocrx_word' id='word_1_48' title='bbox 704 958 881 1003; x_wconf 91' lang='lat' dir='ltr'>nunc</span> <span class='ocrx_word' id='word_1_49' title='bbox 908 937 1156 1004; x_wconf 81' lang='lat' dir='ltr'>exstant</span> <span class='ocrx_word' id='word_1_50' title='bbox 1185 935 1521 1003; x_wconf 88' lang='lat' dir='ltr'>conferre:</span> 
     </span>
     <span class='ocr_line' id='line_1_10' title="bbox 244 1025 1526 1125; baseline 0.001 -28"><span class='ocrx_word' id='word_1_51' title='bbox 244 1030 622 1097; x_wconf 82' lang='lat' dir='ltr'>Romanam</span> <span class='ocrx_word' id='word_1_52' title='bbox 653 1025 930 1098; x_wconf 89' lang='lat' dir='ltr'>aliamve</span> <span class='ocrx_word' id='word_1_53' title='bbox 960 1031 1372 1125; x_wconf 79' lang='lat' dir='ltr'>peregrinam</span> <span class='ocrx_word' id='word_1_54' title='bbox 1399 1053 1526 1122; x_wconf 84' lang='lat' dir='ltr'>pe-</span> 
     </span>
     <span class='ocr_line' id='line_1_11' title="bbox 247 1121 1525 1193; baseline 0.001 -2"><span class='ocrx_word' id='word_1_55' title='bbox 247 1125 508 1192; x_wconf 88' lang='lat' dir='ltr'>cuniam</span> <span class='ocrx_word' id='word_1_56' title='bbox 536 1149 688 1193; x_wconf 91' lang='lat' dir='ltr'>cum</span> <span class='ocrx_word' id='word_1_57' title='bbox 718 1122 980 1193; x_wconf 65' lang='lat' dir='ltr'>Gallica</span> <span class='ocrx_word' id='word_1_58' title='bbox 1013 1122 1226 1192; x_wconf 65' lang='lat' dir='ltr'>nostra</span> <span class='ocrx_word' id='word_1_59' title='bbox 1257 1121 1525 1192; x_wconf 57' lang='lat' dir='ltr'>moneta</span> 
     </span>
     <span class='ocr_line' id='line_1_12' title="bbox 249 1218 1528 1312; baseline -0.002 -25"><span class='ocrx_word' id='word_1_60' title='bbox 249 1243 655 1312; x_wconf 86' lang='lat' dir='ltr'>componere</span> <span class='ocrx_word' id='word_1_61' title='bbox 684 1246 697 1285; x_wconf 90' lang='lat'>:</span> <span class='ocrx_word' id='word_1_62' title='bbox 752 1226 820 1288; x_wconf 70' lang='grc' dir='ltr'>ὅ(</span> <span class='ocrx_word' id='word_1_63' title='bbox 852 1218 1034 1311; x_wconf 92' lang='lat' dir='ltr'>quod</span> <span class='ocrx_word' id='word_1_64' title='bbox 1066 1221 1135 1287; x_wconf 90' lang='lat' dir='ltr'>in</span> <span class='ocrx_word' id='word_1_65' title='bbox 1166 1220 1297 1287; x_wconf 94' lang='lat' dir='ltr'>hoc</span> <span class='ocrx_word' id='word_1_66' title='bbox 1340 1242 1528 1286; x_wconf 89' lang='lat' dir='ltr'>com-</span> 
     </span>
     <span class='ocr_line' id='line_1_13' title="bbox 247 1310 1531 1409; baseline -0.002 -28"><span class='ocrx_word' id='word_1_67' title='bbox 247 1315 731 1382; x_wconf 83' lang='lat' dir='ltr'>mentationum</span> <span class='ocrx_word' id='word_1_68' title='bbox 808 1338 1050 1409; x_wconf 83' lang='lat' dir='ltr'>genere</span> <span class='ocrx_word' id='word_1_69' title='bbox 1123 1310 1531 1381; x_wconf 79' lang='lat' dir='ltr'>utilissimum</span> 
     </span>
     <span class='ocr_line' id='line_1_14' title="bbox 253 1407 1530 1501; baseline 0.001 -27"><span class='ocrx_word' id='word_1_70' title='bbox 253 1409 342 1475; x_wconf 88' lang='lat' dir='ltr'>est</span> <span class='ocrx_word' id='word_1_71' title='bbox 372 1458 392 1493; x_wconf 87' lang='lat'><strong><em>,</em></strong></span> <span class='ocrx_word' id='word_1_72' title='bbox 450 1432 871 1476; x_wconf 89' lang='lat' dir='ltr'>nummorum</span> <span class='ocrx_word' id='word_1_73' title='bbox 902 1460 924 1495; x_wconf 87' lang='lat'><strong><em>,</em></strong></span> <span class='ocrx_word' id='word_1_74' title='bbox 978 1407 1472 1501; x_wconf 87' lang='lat' dir='ltr'>inscriptionum</span> <span class='ocrx_word' id='word_1_75' title='bbox 1501 1457 1530 1495; x_wconf 86' lang='lat'>,</span> 
     </span>
     <span class='ocr_line' id='line_1_15' title="bbox 247 1502 1528 1594; baseline 0 -24"><span class='ocrx_word' id='word_1_76' title='bbox 247 1502 632 1594; x_wconf 83' lang='lat' dir='ltr'>scriptorum</span> <span class='ocrx_word' id='word_1_77' title='bbox 660 1524 802 1569; x_wconf 89' lang='lat' dir='ltr'>tum</span> <span class='ocrx_word' id='word_1_78' title='bbox 833 1503 1296 1572; x_wconf 86' lang='lat' dir='ltr'>Romanorum</span> <span class='ocrx_word' id='word_1_79' title='bbox 1318 1554 1341 1590; x_wconf 84' lang='grc'>,</span> <span class='ocrx_word' id='word_1_80' title='bbox 1384 1525 1528 1572; x_wconf 88' lang='lat' dir='ltr'>tum</span> 
     </span>
     <span class='ocr_line' id='line_1_16' title="bbox 255 1593 1531 1688; baseline 0.002 -25"><span class='ocrx_word' id='word_1_81' title='bbox 255 1595 639 1664; x_wconf 81' lang='lat' dir='ltr'>Graecorum</span> <span class='ocrx_word' id='word_1_82' title='bbox 659 1646 682 1683; x_wconf 83' lang='lat'>,</span> <span class='ocrx_word' id='word_1_83' title='bbox 720 1596 965 1666; x_wconf 90' lang='lat' dir='ltr'>Tacito</span> <span class='ocrx_word' id='word_1_84' title='bbox 994 1593 1335 1688; x_wconf 83' lang='lat' dir='ltr'>aequalium</span> <span class='ocrx_word' id='word_1_85' title='bbox 1358 1646 1378 1682; x_wconf 82' lang='lat'>‚</span> <span class='ocrx_word' id='word_1_86' title='bbox 1418 1617 1531 1666; x_wconf 82' lang='lat' dir='ltr'>aut</span> 
     </span>
     <span class='ocr_line' id='line_1_17' title="bbox 253 1691 1530 1779; baseline 0 -20"><span class='ocrx_word' id='word_1_87' title='bbox 253 1692 698 1760; x_wconf 87' lang='lat' dir='ltr'>recentiorum</span> <span class='ocrx_word' id='word_1_88' title='bbox 719 1741 742 1778; x_wconf 87' lang='grc'>,</span> <span class='ocrx_word' id='word_1_89' title='bbox 772 1693 1153 1761; x_wconf 60' lang='lat' dir='ltr'>auctoritate</span> <span class='ocrx_word' id='word_1_90' title='bbox 1171 1741 1193 1779; x_wconf 79' lang='grc'>,</span> <span class='ocrx_word' id='word_1_91' title='bbox 1228 1691 1530 1759; x_wconf 81' lang='lat' dir='ltr'>Historiae</span> 
     </span>
     <span class='ocr_line' id='line_1_18' title="bbox 251 1784 1533 1878; baseline -0.001 -24"><span class='ocrx_word' id='word_1_92' title='bbox 251 1785 452 1855; x_wconf 86' lang='lat' dir='ltr'>fidem</span> <span class='ocrx_word' id='word_1_93' title='bbox 483 1785 804 1855; x_wconf 89' lang='lat' dir='ltr'>adstruere</span> <span class='ocrx_word' id='word_1_94' title='bbox 827 1838 849 1878; x_wconf 82' lang='grc'>,</span> <span class='ocrx_word' id='word_1_95' title='bbox 906 1786 1262 1877; x_wconf 89' lang='lat' dir='ltr'>lucemque</span> <span class='ocrx_word' id='word_1_96' title='bbox 1314 1787 1377 1854; x_wconf 91' lang='lat' dir='ltr'>ei</span> <span class='ocrx_word' id='word_1_97' title='bbox 1419 1784 1533 1854; x_wconf 81' lang='lat' dir='ltr'>ad-</span> 
     </span>
     <span class='ocr_line' id='line_1_19' title="bbox 251 1878 546 1950; baseline -0.007 0"><span class='ocrx_word' id='word_1_98' title='bbox 251 1878 546 1950; x_wconf 86' lang='lat' dir='ltr'>fundere.</span> 
     </span>
    </p>

    <p class='ocr_par' dir='ltr' id='par_1_3' title="bbox 230 1974 1533 2635">
     <span class='ocr_line' id='line_1_20' title="bbox 349 1974 1530 2069; baseline -0.003 -25"><span class='ocrx_word' id='word_1_99' title='bbox 349 1974 554 2044; x_wconf 85' lang='lat' dir='ltr'>OPUS</span> <span class='ocrx_word' id='word_1_100' title='bbox 614 1998 883 2066; x_wconf 82' lang='lat' dir='ltr'>quoque</span> <span class='ocrx_word' id='word_1_101' title='bbox 930 1974 1053 2044; x_wconf 87' lang='lat' dir='ltr'>fuit</span> <span class='ocrx_word' id='word_1_102' title='bbox 1084 2026 1106 2062; x_wconf 86' lang='lat'>‚</span> <span class='ocrx_word' id='word_1_103' title='bbox 1161 1998 1283 2069; x_wconf 91' lang='lat' dir='ltr'>pro</span> <span class='ocrx_word' id='word_1_104' title='bbox 1333 1999 1530 2067; x_wconf 89' lang='lat' dir='ltr'>argu-</span> 
     </span>
     <span class='ocr_line' id='line_1_21' title="bbox 256 2067 1532 2162; baseline -0.002 -22"><span class='ocrx_word' id='word_1_105' title='bbox 256 2092 633 2140; x_wconf 82' lang='lat' dir='ltr'>mentorum</span> <span class='ocrx_word' id='word_1_106' title='bbox 691 2068 1008 2162; x_wconf 79' lang='lat' dir='ltr'>dignitate</span> <span class='ocrx_word' id='word_1_107' title='bbox 1068 2077 1137 2139; x_wconf 71' lang='grc' dir='ltr'>δε</span> <span class='ocrx_word' id='word_1_108' title='bbox 1189 2067 1475 2138; x_wconf 86' lang='lat' dir='ltr'>utilitate</span> <span class='ocrx_word' id='word_1_109' title='bbox 1507 2122 1532 2160; x_wconf 85' lang='lat'><em>,</em></span> 
     </span>
     <span class='ocr_line' id='line_1_22' title="bbox 258 2163 1530 2260; baseline -0.001 -24"><span class='ocrx_word' id='word_1_110' title='bbox 258 2163 632 2260; x_wconf 86' lang='lat' dir='ltr'>complures</span> <span class='ocrx_word' id='word_1_111' title='bbox 711 2163 1181 2234; x_wconf 65' lang='lat' dir='ltr'>dissertationes</span> <span class='ocrx_word' id='word_1_112' title='bbox 1268 2164 1530 2235; x_wconf 86' lang='lat' dir='ltr'>addere.</span> 
     </span>
     <span class='ocr_line' id='line_1_23' title="bbox 258 2257 1533 2355; baseline -0.004 -24"><span class='ocrx_word' id='word_1_113' title='bbox 258 2261 644 2355; x_wconf 70' lang='lat' dir='ltr'>Expositum</span> <span class='ocrx_word' id='word_1_114' title='bbox 681 2262 768 2327; x_wconf 85' lang='lat' dir='ltr'>est</span> <span class='ocrx_word' id='word_1_115' title='bbox 805 2266 871 2329; x_wconf 62' lang='grc' dir='ltr'>ὃς</span> <span class='ocrx_word' id='word_1_116' title='bbox 906 2257 1289 2327; x_wconf 87' lang='lat' dir='ltr'>illustratum</span> <span class='ocrx_word' id='word_1_117' title='bbox 1324 2259 1533 2326; x_wconf 83' lang='lat' dir='ltr'>Caesa-</span> 
     </span>
     <span class='ocr_line' id='line_1_24' title="bbox 255 2352 1532 2444; baseline -0.006 -16"><span class='ocrx_word' id='word_1_118' title='bbox 255 2383 401 2428; x_wconf 81' lang='lat' dir='ltr'>rum</span> <span class='ocrx_word' id='word_1_119' title='bbox 448 2359 716 2425; x_wconf 87' lang='lat' dir='ltr'>stemma</span> <span class='ocrx_word' id='word_1_120' title='bbox 743 2407 766 2444; x_wconf 85' lang='lat'><strong><em>,</em></strong></span> <span class='ocrx_word' id='word_1_121' title='bbox 826 2377 910 2423; x_wconf 91' lang='lat' dir='ltr'>ne</span> <span class='ocrx_word' id='word_1_122' title='bbox 938 2357 1303 2422; x_wconf 77' lang='lat' dir='ltr'>&#39;nominum</span> <span class='ocrx_word' id='word_1_123' title='bbox 1351 2352 1532 2421; x_wconf 89' lang='lat' dir='ltr'>mul-</span> 
     </span>
     <span class='ocr_line' id='line_1_25' title="bbox 259 2446 1531 2544; baseline -0.005 -20"><span class='ocrx_word' id='word_1_124' title='bbox 259 2452 543 2544; x_wconf 81' lang='lat' dir='ltr'>titudine</span> <span class='ocrx_word' id='word_1_125' title='bbox 600 2456 668 2518; x_wconf 72' lang='grc' dir='ltr'>ὅ(</span> <span class='ocrx_word' id='word_1_126' title='bbox 724 2447 1064 2520; x_wconf 67' lang='lat' dir='ltr'>indiscreta</span> <span class='ocrx_word' id='word_1_127' title='bbox 1115 2446 1531 2518; x_wconf 78' lang='lat' dir='ltr'>similitudine</span> 
     </span>
     <span class='ocr_line' id='line_1_26' title="bbox 230 2542 1529 2635; baseline -0.006 -12"><span class='ocrx_word' id='word_1_128' title='bbox 230 2545 756 2635; x_wconf 51' lang='lat' dir='ltr'>“obscurarentur</span> <span class='ocrx_word' id='word_1_129' title='bbox 770 2543 1079 2622; x_wconf 83' lang='lat' dir='ltr'>Annales,</span> <span class='ocrx_word' id='word_1_130' title='bbox 1100 2544 1266 2617; x_wconf 81' lang='lat' dir='ltr'>Eam</span> <span class='ocrx_word' id='word_1_131' title='bbox 1288 2542 1373 2616; x_wconf 91' lang='lat' dir='ltr'>ob</span> <span class='ocrx_word' id='word_1_132' title='bbox 1391 2563 1529 2615; x_wconf 86' lang='lat' dir='ltr'>rem</span> 
     </span>
    </p>
   </div>
  </div>
 </body>
</html>
