1655 3088
209 130 758 176 ,ΑκΝΑιῐυΜ
808 116 1068 178 L113.I.
1226 142 1306 196 47

31 235 343 278 »contueor
367 262 385 287 ,
407 213 446 272 fi
466 213 676 295 legatos
698 212 945 286 senatui,
970 216 1301 298 obsequium
1326 242 1522 284 Ξ

31 298 397 381 „imperatori
416 345 432 370 ‚
488 295 525 354 fi
546 297 689 355 mihi
713 305 1015 380 conjugem
1040 323 1100 358 ac
1121 302 1301 362 filium
1327 296 1375 336 A.
1397 299 1444 337 υ·
1467 299 1504 339 C

29 381 304 443 »redditis
330 429 346 454 ‚
385 378 652 440 discedite
694 405 725 441 a
754 386 1013 441 contastu
1036 430 1053 456 ‚
1117 406 1176 442 ac
1214 386 1303 444 di-

31 466 247 533 aevidite
277 464 528 524 turbidos
549 490 566 523 z
606 464 668 524 id
701 465 890 525 stabile
941 466 1012 525 ad
1037 469 1303 550 paeniten-

32 551 215 612 atiam
239 597 256 621 ‚
296 549 356 607 id
398 548 533 608 fidei
566 548 854 608 vinculum
883 551 988 610 erit
1011 579 1069 611 υ).

115 633 328 694 XLIV.
353 634 763 692 Summers
797 633 868 692 ad
890 632 1002 693 haec
1031 682 1048 707 ‚
1091 642 1147 694 &
1175 657 1306 696 vera

35 716 350 801 exprobrari
375 714 611 776 fatentes
639 764 656 789 ,
698 717 932 776 orabant
954 765 971 790 ‚
1026 745 1057 769 oc
1082 720 1308 801 puniret

33 801 268 860 »noxios
291 847 308 874 ‚
344 799 657 884 ignosceret
679 799 834 883 lapsis
849 849 866 874 ,
916 809 972 861 &
997 802 1228 861 duceret
1246 804 1309 871 in

32 885 328 961 »hostem3
391 905 741 944 revocaretur
773 892 1014 965 conjunx
1037 933 1054 958 ‚
1101 886 1310 946 rediret

32 967 367 1051 aulegionum
405 968 660 1028 alumnus
682 1017 699 1040 ‚
744 992 886 1028 neve
918 968 1078 1028 obses
1128 969 1309 1029 Gallis

33 1052 385 1112 xtraderetur
435 1082 493 1112 ο).
533 1052 810 1113 Reditum
851 1046 1173 1142 Agrippinae
1216 1076 1312 1112 ex·-

34 1134 238 1196 cusavit
263 1135 337 1194 ob
370 1135 774 1195 imminentem
796 1158 1017 1219 partum
1044 1185 1061 1209 ‚
1102 1145 1160 1196 &
1194 1137 1315 1196 hie⁴

1366 376 1391 414 7
1428 379 1474 418 7·

1361 439 1398 479 J.
1430 441 1484 483 C.

1392 517 1465 562 14.

35 1244 229 1281 mem:
262 1241 609 1279 «venturum
633 1219 850 1278 filium:
886 1242 1068 1280 cetera
1093 1219 1192 1302 ipsi
1216 1243 1315 1280 ex-
1396 1221 1399 1224 χ

31 1302 435 1384 »sequerentur
481 1333 539 1362 ω.
583 1302 919 1362 Discurrunt
960 1305 1162 1363 mutati
1191 1351 1208 1376 ‚
1255 1313 1314 1364 δε

34 1385 500 1446 seditiosissimum
530 1409 817 1469 quemque
846 1388 1060 1446 vinctos
1085 1387 1313 1448 trahunt

35 1470 108 1531 ad
152 1469 401 1553 legatum
448 1470 687 1553 legionis
729 1471 956 1553 primae,
999 1474 1071 1531 C.
1109 1473 1315 1530 Certo*

33 1555 196 1614 nium
214 1602 232 1626 ‚
264 1556 363 1635 qui
386 1555 662 1635 judicium
686 1563 745 1614 &
766 1578 955 1637 poenas
983 1554 1054 1615 de
1084 1553 1313 1638 singulis

34 1638 96 1700 in
136 1637 284 1696 hunc
327 1638 567 1696 modum
608 1639 868 1698 exercuit.
933 1638 1165 1698 Stabant
1211 1662 1316 1721 pro

38 1721 311 1782 concione
336 1721 585 1805 legiones
602 1770 618 1793 ,
644 1721 910 1780 destridtis
932 1721 1163 1804 gladiis:
1188 1744 1313 1781 reus

36 1805 98 1865 in
117 1803 367 1887 suggestu
390 1828 487 1888 per
512 1804 802 1863 tribunum
820 1805 1217 1864 ostendebatur
1239 1831 1250 1863 ε
1273 1804 1313 1864 si

43 1909 398 1947 anocentem
429 1920 461 1944 n
511 1886 962 1946 adclamaverant
1003 1935 1020 1960 ,
1075 1911 1313 1971 praeceps

39 1971 196 2031 datus
231 1970 626 2031 trucidabatur.
670 1972 739 2030 Et
765 1970 1046 2054 gaudebat
1070 1971 1311 2032 caedibus

0 2079 2 2087 ἱ
39 2054 201 2114 miles
225 2103 241 2128 ‚
274 2077 564 2138 tamquam
601 2053 779 2115 semet
820 2054 1166 2115 absolveret:
1204 2078 1310 2116 nec

0 2163 3 2171 ³
39 2136 220 2199 Caesar
243 2140 463 2200 arcebat
480 2189 496 2213 ‚
520 2138 748 2221 quando
770 2138 927 2198 nullo
950 2138 1111 2221 ipfius
1131 2136 1271 2218 jussu
1288 2183 1312 2213 ,

0 2251 6 2263 ·
41 2246 209 2308 penes
228 2223 457 2284 eosdem
483 2222 684 2284 saevitia
706 2220 838 2283 facffi
861 2222 1151 2285 &invidia
1173 2244 1309 2285 erat.

0 2334 7 2364 .··
42 2307 226 2368 Securi
258 2308 582 2393 exemplum
609 2307 897 2381 veterani,
940 2306 1090 2366 haud
1125 2306 1309 2366 multo

0 2452 1 2456 ,
43 2394 157 2475 pbst
177 2393 236 2450 in
256 2395 493 2454 Raetiam
516 2393 815 2453 mittuntur
836 2440 852 2464 ‚
894 2390 1074 2475 specie
1107 2388 1309 2450 defen-

0 2504 3 2531 =
45 2476 240 2537 dendae
258 2479 573 2562 provinciae,
591 2477 667 2536 ob
684 2476 1049 2536 imminentes
1071 2477 1308 2534 Suevos:

0 2588 2 2614 ÷
41 2566 295 2627 ceterum
325 2585 386 2626 ut
410 2561 781 2629 avellerentur
805 2561 981 2622 castris
1004 2609 1022 2634 ‚
1066 2558 1310 2629 trucibus
