1703 3083
354 90 822 163 PRAEFA
871 91 1102 160 TIO.
1199 101 1431 166 xxxix

164 204 408 293 suisque
444 210 512 271 ὅ(
541 202 895 270 Variorum
928 204 1100 269 notis
1140 208 1432 276 cumula-

163 322 297 368 tam
336 295 534 391 praelo
575 316 911 390 paraverat
940 345 962 382 ,
1023 300 1174 363 cnm
1220 324 1432 370 morte

161 396 565 486 interceptus
599 393 689 460 est
721 414 894 459 anno
927 413 1280 460 MDCCXVI.
1321 395 1435 461 Fi-

161 485 287 556 lius
324 485 462 577 ejus
493 485 825 555 Abraham
860 486 1245 555 Gronovius
1292 510 1438 556 eam

163 580 453 669 TraJeffi
475 582 552 650 ad
571 582 886 651 Rhenum
904 606 1076 649 anno
1102 604 1208 650 MD
1221 603 1438 650 CCXXI

163 674 528 772 publicavit
556 704 568 743 :
600 679 796 770 patris
817 680 1146 745 memoriae
1177 675 1437 746 consui-

164 794 346 840 turus
381 822 404 858 ,
451 773 497 839 fi
546 773 849 841 convicia
897 771 1200 841 adversos
1239 772 1433 863 Ryc—

164 867 347 934 kium
368 918 390 955 ,
441 864 698 959 aliaque
740 864 948 936 multa
993 867 1251 937 erudito
1294 868 1440 935 viro

164 959 436 1054 indigna
484 961 804 1032 omififfet.
887 962 996 1032 Ad
1044 965 1258 1058 operis
1310 960 1445 1030 cal-

65 1079 71 1084 ·
168 1079 317 1125 cem
339 1060 621 1151 reperire
648 1060 737 1127 est
758 1060 964 1126 varias
991 1058 1294 1150 quasdam
1317 1056 1446 1126 lec-

167 1151 386 1221 tiones
414 1176 495 1221 ex
523 1153 676 1221 Mff.
709 1152 1049 1222 codicibus
1074 1151 1446 1222 Bodleiano

167 1250 240 1314 ὃ(
274 1245 755 1316 Arundelliano
792 1270 1149 1341 excerptas„

258 1338 554 1411 Joannes
613 1344 943 1434 Augustus
1010 1343 1387 1410 ERNESTUS
1417 1391 1442 1428 ,

173 1432 590 1525 Germanus,
646 1440 715 1504 in
758 1437 1058 1506 eamdem
1101 1434 1450 1531 palaestram

169 1527 400 1624 Lipfiae
428 1532 735 1625 processit
769 1558 943 1601 anno
976 1554 1281 1600 MDCCLII
1309 1554 1328 1609 3
1382 1537 1451 1600 &

172 1628 521 1695 maximam
543 1629 684 1721 post
701 1627 993 1721 Lipfium
1010 1626 1271 1695 laudem
1295 1649 1453 1692 con-

78 1798 85 1804 ,
168 1717 425 1790 secutus
479 1724 587 1790 est.
666 1721 748 1787 In
804 1720 1218 1790 conferendis
1277 1721 1453 1787 enim

171 1815 502 1883 veteribus
534 1813 934 1884 editionibus
965 1823 1033 1884 &
1058 1815 1186 1878 Ms.
1218 1813 1454 1880 codice

171 1906 702 1998 Guelferbytano
767 1933 915 1976 acer
981 1913 1048 1975 ὃ(
1108 1904 1387 1998 diligens
1428 1956 1453 1992 9

172 2000 381 2070 multia
414 2029 555 2093 quae
587 2002 749 2070 alios
777 1999 1100 2071 latuerant
1128 2003 1459 2080 correxit3

173 2094 439 2187 suasque
468 2117 655 2165 notas
678 2095 880 2190 Lipfii
909 2103 977 2165 &
1001 2096 1041 2169 J
1049 2099 1276 2165 oannis
1299 2096 1464 2164 Fre-

181 2190 387 2259 derici
432 2189 767 2260 Gronovii
812 2193 1297 2260 commentariis
1341 2190 1461 2258 ad:-

178 2284 346 2354 didit
379 2312 392 2352 :
455 2283 724 2355 alteram
783 2286 1147 2356 editionem
1182 2338 1205 2375 ,
1265 2310 1461 2377 quam

179 2403 265 2449 ex
322 2382 540 2474 priore
598 2379 809 2450 nostr&
872 2382 1167 2451 editione
1230 2378 1457 2476 paullo

178 2472 526 2545 meliorem
575 2475 780 2567 fecit,
831 2501 1003 2547 anno
1052 2495 1460 2547 MDCCLXXH

183 2568 568 2662 publicavit.
601 2620 607 2627 »
639 2589 645 2594 ’
