1655 3088
239 177 595 222 VETERUM
638 155 1164 241 §gum-formu
1267 152 1370 219 cxxi·

92 254 302 322 junxit,
343 254 574 320 arripuit.
636 253 800 320 quue
838 253 902 304 ab
942 257 1186 322 exemplo
1223 276 1366 313 nunc

91 340 178 374 me
206 320 392 372 melius
424 319 713 388 aggrederis
735 358 751 382 ,
792 318 914 384 quia
937 321 994 372 ὅ(
1021 339 1122 386 ego
1155 323 1325 377 Plinio
1344 365 1362 388 ,
1417 351 1419 353 ·

91 400 152 438 ut
187 387 462 449 discipulus
494 387 689 452 assurgo
712 424 727 447 ‚
768 385 826 437 &
854 399 911 437 tu
941 388 1142 439 vetusto
1171 406 1361 454 genere

87 453 332 505 narrandi
352 455 463 517 jure
486 451 798 505 Cornelium
821 453 1129 518 antevenis3
1162 455 1251 519 qui
1278 456 1367 505 sae-

87 519 211 570 culo
260 521 433 571 nostro
476 518 513 570 fi
549 518 918 580 revivisceret,
957 531 1114 585 teque
1137 559 1152 581 ‚
1195 520 1364 586 qualis

87 584 147 634 in
170 584 332 635 literis
351 587 407 637 ὃς
425 599 645 652 quantus
666 584 887 637 habeare
902 622 918 646 ‚
948 585 1361 652 conspicaretur,

87 650 255 702 mod&
287 652 460 704 verius
487 651 698 704 Tacitus
735 650 872 703 esset.

34 750 36 752 V
89 775 332 835 IDEM
387 781 442 833 in
491 761 837 857 Panegyrico
889 776 965 832 ad
1006 772 1359 834 Anthemium

563 862 877 941 Augustum.

423 984 645 1035 Carmine
669 984 738 1037 II.
775 987 887 1053 vers:
914 1004 1024 1050 190.

84 1081 196 1148 Qua
211 1081 396 1149 Crispus
415 1082 633 1133 brevitate
648 1086 828 1153 placet,
848 1103 942 1153 quo
960 1082 1169 1150 pondere
1184 1079 1357 1139 Varro,

80 1164 199 1228 Quo
223 1168 362 1234 genio
384 1169 566 1217 Plautus
580 1206 593 1228 ,
616 1186 711 1235 quo
732 1168 924 1217 fulmine
947 1166 1266 1232 Quintilianus
1286 1200 1299 1222 ,

85 1246 197 1312 Qua
237 1248 415 1314 pompa
454 1249 643 1300 Tacitus
682 1267 939 1318 numquam
982 1248 1075 1298 fine
1109 1245 1246 1297 laude
1278 1245 1359 1294 lo-

277 1329 506 1396 quendUS.

87 1452 300 1513 IDEM
333 1458 409 1512 ad
433 1457 778 1532 Consentium
811 1461 880 1519 V.
910 1461 972 1516 C·
1004 1461 1171 1516 civem
1200 1458 1359 1512 Nar-

141 1535 420 1613 hortensem
439 1582 462 1609 ,
490 1546 544 1597 in
574 1545 818 1600 laudibus
845 1545 988 1600 urbis
1011 1542 1311 1599 Narboni&

360 1664 576 1716 Carmine
603 1666 787 1719 XXIII.
829 1669 940 1734 vers:
975 1675 1084 1730 146.

81 1755 216 1819 Quid
239 1774 320 1806 vos
344 1760 518 1826 eloquii
546 1778 710 1810 canam
732 1761 889 1813 Latini
917 1804 932 1826 ‚

82 1837 287 1902 Arpinas
305 1877 318 1900 ,
348 1839 568 1890 Patavine
587 1882 602 1906 ,
636 1843 895 1892 Mantuane
915 1883 929 1905 ‚

83 1920 144 1971 Et
168 1938 209 1971 te
233 1925 412 1973 comica
433 1928 513 1993 qui
540 1926 676 1975 doces
701 1966 714 1988 ,
748 1926 982 1977 Terenti?
1014 1989 1019 1991 -

84 2005 144 2055 Et
165 2022 238 2067 te,
265 2023 474 2074 tempore
497 2012 578 2076 qui
602 2010 715 2059 satus
737 2009 891 2059 severo
911 2049 926 2072 ‚

82 2087 262 2138 Graios
283 2128 296 2150 ‚
327 2090 486 2140 Plaute
510 2132 522 2153 ,
554 2092 664 2141 sales
688 2095 848 2159 lepore
869 2092 1025 2143 tranfis
1046 2092 1067 2146 Ξ
1079 2083 1084 2086 ⁷

81 2170 144 2221 Et
165 2188 207 2220 te
228 2173 500 2223 multimoda
520 2174 621 2224 satis
645 2177 895 2226 verendum

83 2254 367 2321 Scriptorem
391 2258 709 2309 numerositate
729 2299 742 2322 ‚
771 2260 926 2311 Varro
951 2270 966 2307 ἓ

87 2336 148 2386 Et
173 2353 242 2400 te,
276 2342 355 2407 qui
381 2341 596 2393 brevitate
614 2382 627 2404 ,
655 2341 818 2409 Crispe
841 2381 854 2404 ,
886 2341 1067 2407 polles?

35 2450 37 2452 -
86 2417 146 2469 Et
176 2435 247 2481 te,
283 2424 362 2488 qui
384 2441 472 2489 pro
493 2427 688 2493 ingenio
710 2428 879 2474 fluente
897 2462 912 2486 ,
943 2424 1056 2474 nulli
1077 2462 1094 2487 ,

84 2503 282 2559 Corneli
304 2503 496 2571 Tacite,
531 2528 577 2560 es
607 2508 823 2561 tacendus
849 2508 951 2557 ori?
