1655 3088
408 162 886 212 'ANNALIUM
947 148 1224 211 NoTAE.
1341 173 1452 229 371

183 255 399 302 'nuntium
435 252 586 300 ferret.
618 251 826 299 Brennus
847 287 860 309 ‚
897 247 1133 296 confectus
1162 248 1454 312 vulneribus,

182 319 353 385 largitis
390 319 549 366 hausto
587 318 697 365 vino
720 354 734 377 ‚
775 314 854 362 fibi
890 315 992 363 vitae
1024 313 1199 374 finem,
1236 320 1281 363 &
1313 316 1457 367 cladis

179 385 390 433 solatium
427 383 535 433 fecit
565 400 691 431 anno
725 381 871 430 Urbis
903 378 1097 428 conditae
1123 396 1457 445 ccccxxxvr,

179 465 287 498 ante
318 449 552 499 Christum
576 453 684 506 278.
712 447 823 496 Pars
844 448 973 496 tertia
991 484 1005 506 ,
1025 446 1213 494 Brenno
1237 463 1458 509 concors,

180 522 229 563 δε
254 533 358 563 cum
386 533 442 563 eo
477 518 525 564 in
546 514 794 563 Dardanos
818 551 831 574 ,
864 512 912 561 la
931 511 1121 573 Servie,
1160 510 1300 580 usque
1336 530 1458 578 pro-

178 580 299 630 festa
320 620 332 642 ,
365 580 430 629 ibi
456 580 723 629 militaribus
758 579 939 628 diffidiis
968 578 1242 645 meliorique
1274 577 1370 626 fato
1398 579 1457 628 ab

177 662 239 695 eo
260 645 431 695 divulsa
448 685 463 708 ‚
499 647 749 696 Thraciam
772 647 949 712 repetiit
971 681 985 705 ,
1009 644 1195 692 ducibus
1213 644 1458 693 Leonorio

179 719 225 760 &
263 713 489 762 Lutario:
530 714 806 770 szantium
824 750 838 772 ,
870 708 1274 774 Constantinople,
1311 728 1458 761 occu-

179 780 306 843 pavit
327 817 339 839 ,
370 796 500 827 oram
523 772 818 842 Propontidis
842 815 856 837 ‚
889 775 937 824 la
954 774 1064 824 Mer
1092 773 1146 824 de
1177 774 1458 841 Marmara,

178 861 236 891 ou
262 844 308 891 la
327 844 436 892 Mer
459 842 664 891 Blanche
682 880 698 903 ‚
732 842 1007 909 vectigalem
1036 840 1194 890 habuit
1216 881 1231 903 ,
1270 843 1459 910 ejusque

179 911 309 957 urbes
329 910 542 959 obtinuit.
561 908 689 957 Tum
714 909 865 956 audita
885 907 1002 955 Afiae
1026 907 1228 957 ubertate
1244 946 1257 967 ,
1283 910 1460 975 cupido

175 974 336 1024 invafit
359 978 409 1023 in
430 993 534 1024 eam
549 973 821 1023 transeundi.
840 972 1136 1041 Lysimachia
1156 1013 1169 1035 ‚
1189 974 1428 1026 Hexamili
1442 1015 1458 1037 ,

175 1040 335 1089 fraude
363 1058 531 1106 capta3
576 1039 957 1153 ChersonesoJue
983 1042 1114 1088 omni
1143 1039 1336 1105 pofl'effz‘l
1354 1080 1368 1103 ,
1399 1042 1460 1092 ad

175 1106 534 1172 Hellespontum
553 1146 565 1167 ,
585 1106 627 1155 le
645 1106 839 1156 De‘troit
891 1122 939 1155 es
952 1105 1273 1156 Dardanelles
1293 1147 1309 1170 ,
1343 1126 1460 1158 ven-

178 1187 276 1221 tum
314 1175 390 1221 est.
438 1173 507 1221 Ibi
541 1173 755 1222 Lutarius
777 1211 791 1235 ‚
827 1172 1162 1221 Macedonibus
1183 1212 1196 1234 ,
1232 1172 1349 1240 quos
1372 1192 1459 1240 per

174 1237 373 1303 speciem
389 1240 630 1306 legationis
647 1240 892 1305 Antipater
908 1278 921 1299 ‚
954 1238 1191 1304 praefectus
1209 1241 1304 1302 ejus
1333 1259 1426 1289 orae
1443 1279 1462 1304 ,

181 1305 242 1353 ad
268 1304 596 1369 speculandum
615 1304 796 1354 miserat
816 1343 830 1366 ‚
859 1305 970 1353 duas
993 1307 1131 1354 tectas
1150 1323 1288 1354 naves
1309 1313 1352 1354 &
1372 1324 1460 1357 tres

174 1371 342 1418 limbos
362 1372 544 1419 adimit:
572 1371 641 1420 his
662 1372 776 1419 alios
799 1387 934 1438 atque
955 1372 1070 1420 alios
1092 1371 1187 1419 dies
1205 1373 1460 1441 noctesque

176 1435 507 1485 transvehendo
535 1475 549 1498 ,
590 1439 709 1485 intra
742 1454 916 1502 paucos
954 1437 1048 1485 dies
1093 1454 1255 1486 omnes
1296 1442 1459 1504 copias

175 1504 340 1563 trajicit
361 1541 375 1563 ,
410 1520 535 1550 anno
561 1503 707 1552 Urbis
733 1502 928 1551 conditae
959 1519 1285 1552 ccccmtxvn
1306 1543 1320 1566 ,
1353 1521 1461 1555 ante

177 1569 412 1617 Christum
436 1586 548 1626 277.
581 1568 688 1621 Jarn
729 1568 993 1617 Leonorius
1018 1607 1031 1629 ,
1067 1586 1276 1618 exoratus
1314 1589 1342 1619 a
1364 1571 1461 1621 Ni-

174 1633 368 1682 comede
410 1634 637 1701 Bithyniae
676 1651 787 1700 rege
823 1649 872 1682 ut
907 1634 992 1699 ipfi
1028 1652 1170 1699 opem
1206 1634 1343 1685 ferret
1367 1676 1380 1696 ‚
1429 1656 1461 1687 a

174 1701 402 1768 Byzantio
446 1698 755 1748 tranfiniserat.
792 1699 979 1748 Coeunt
1009 1699 1221 1748 Lutarius
1244 1708 1290 1749 &
1327 1702 1460 1752 Leo-

175 1769 333 1815 norius
350 1805 362 1826 ,
384 1767 551 1814 auxilia
560 1765 810 1814 Nicomedi
834 1766 944 1814 dant
964 1765 1175 1814 adversus
1189 1767 1424 1834 Zyboeam
1439 1808 1457 1830 ,

176 1835 257 1899 qui
299 1848 475 1896 partem
514 1831 741 1899 Bithyniae
782 1833 962 1880 tenebat
997 1852 1007 1879 :
1056 1850 1215 1881 eorum
1253 1832 1473 1885 maxim&

175 1902 320 1963 opera
343 1897 543 1945 devictus
565 1898 748 1964 Zyboea
780 1899 843 1945 est
867 1938 880 1960 ,
917 1898 1226 1966 Bithyniaque
1264 1904 1417 1951 omnis
1440 1939 1458 1963 ‚

173 1963 223 2013 la
268 1964 420 2025 partie
467 1962 766 2012 Occidentale
804 1962 858 2010 de
891 1963 1053 2030 Bursta
1080 2004 1095 2026 ,
1143 1968 1192 2013 in
1232 1964 1460 2016 ditionem

176 2029 451 2078 Nicomedis
482 2030 708 2078 concessit.
741 2009 984 2077 lffausanias
1007 2069 1020 2088 ,
1055 2030 1140 2078 loc.
1178 2031 1255 2079 cit.
1293 2031 1461 2104 Polyb.

174 2096 284 2145 libr.
297 2095 384 2155 IV,
404 2110 514 2160 pag.
536 2103 647 2157 436.
680 2094 839 2142 Livius
871 2093 1170 2157 XXXVIII,
1207 2105 1279 2146 16.

242 2160 456 2211 Victores
474 2160 602 2209 Galli
620 2200 634 2222 ‚
654 2166 698 2207 &
718 2160 775 2208 de
796 2160 1056 2210 Nicomede
1076 2165 1251 2228 optime
1271 2166 1455 2227 meriti,

175 2225 375 2293 profecti
400 2245 455 2275 ex
483 2227 702 2294 Bithynia
735 2228 784 2274 in
806 2226 962 2274 Afiam
993 2227 1320 2293 processerunt.
1353 2231 1462 2281 Nec:

177 2295 282 2359 plus
310 2311 365 2342 ex
389 2295 556 2360 viginti
587 2293 785 2341 millibus
818 2292 1060 2342 hominum
1077 2312 1107 2355 ,’
1127 2294 1266 2363 quam
1302 2297 1463 2348 decem

180 2361 327 2407 millia
349 2376 529 2410 *armata
557 2375 722 2421 erant3
756 2375 909 2408 tamen
943 2376 1116 2409 tantum
1150 2364 1330 2410 terroris
1354 2383 1462 2412 om-

180 2425 313 2473 nibus
336 2464 347 2485 ,
382 2443 482 2492 quae
514 2426 576 2473 cis
598 2424 806 2474 Taurum
848 2442 1052 2474 montem
1073 2428 1312 2488 incolunt,
1343 2447 1462 2496 gen-

191 2491 306 2538 tibus
337 2493 619 2553 injecerunt,
654 2508 701 2540 ut
728 2509 839 2559 quas
871 2492 1091 2554 adissent,
1131 2493 1331 2561 quasque
1360 2514 1461 2543 non

181 2556 371 2608 adiss'ent
395 2594 411 2621 ‚
446 2559 708 2626 pariterque
741 2559 909 2610 ultimae
942 2562 1222 2628 propinquis
1257 2562 1483 2633 imperio,

1169 2623 1300 2691 Qvi
