1703 3083
367 115 835 186 PRAEFA
881 115 1118 187 TIO.
1244 126 1431 221 xxiij

149 224 317 301 didit
345 280 366 317 ,
412 226 839 323 praejudicatis
885 250 1025 296 tum
1071 230 1190 299 suis
1216 285 1236 319 ,
1286 259 1428 306 tum

147 325 429 394 aliorum
459 321 879 416 opinionibus
916 322 1274 396 abstraetus.
1327 333 1428 401 Ita

150 443 374 490 tamen
399 418 556 487 fidei
592 424 660 486 ὅζ
688 415 1043 510 diligentiae
1067 470 1089 506 ,
1135 445 1330 511 quam
1361 428 1427 493 in

151 517 387 584 ceteris
448 514 793 608 profitetur
825 564 845 599 ‚
907 515 1191 582 retinens
1227 568 1247 602 ‚
1302 540 1375 586 ut
1405 572 1429 607 ,

151 607 267 678 vel
297 613 447 676 cum
476 611 612 675 haec
642 630 947 701 peccaret
973 660 994 695 ,
1036 607 1433 682 Christianos

153 703 445 774 incendii
495 705 766 771 crimine
802 754 822 789 ,
892 727 1026 793 quo
1077 703 1267 772 Nero
1320 730 1433 775 eos

156 796 524 895 perculerat
558 850 578 885 ,
639 795 987 865 absolverit
1018 805 1060 865 ¹.
1143 798 1435 870 Judaieis

157 916 379 962 autem
444 890 936 984 antiquitatibus
994 916 1148 960 vera
1210 921 1437 985 quam-

155 987 435 1084 plurima
465 987 861 1056 intermiscet
894 1011 913 1068 3
960 1010 1236 1079 eamque
1278 990 1434 1059 reli-

159 1086 431 1176 gionem
491 1081 685 1151 valde
746 1082 1166 1151 commendat
1205 1136 1228 1171 ,
1295 1112 1436 1176 φατε

161 1177 362 1246 desim
391 1178 706 1269 imagines
738 1175 1119 1246 mortalibus
1154 1184 1438 1249 materiis

158 1274 228 1340 in
267 1272 512 1365 species
560 1273 903 1336 hominum
948 1297 1086 1338 non
1130 1274 1387 1367 effingit
1412 1327 1436 1366 ,

158 1365 270 1435 sed
325 1367 455 1434 fine
512 1361 859 1433 simulacris
895 1415 918 1451 ,
970 1367 1101 1434 fine
1156 1391 1387 1460 regum
1414 1422 1437 1459 ,

162 1463 294 1530 fine
359 1459 680 1528 Caesarum
749 1458 1130 1530 adulatione
1167 1514 1189 1549 ,
1245 1490 1440 1534 unum

163 1581 392 1625 numen
422 1611 446 1636 ,
475 1556 792 1650 stammam
823 1553 987 1622 illud
1005 1557 1063 1624 δ’
1090 1579 1389 1628 aeternum
1410 1617 1437 1643 ,

165 1675 356 1743 neque
381 1648 679 1717 mutabile
695 1702 719 1726 ,
748 1674 940 1741 neque
963 1651 1361 1721 interiturum
1384 1664 1435 1737 ²,

165 1767 530 1814 veneratur.
561 1739 756 1809 Talia
770 1745 1059 1811 veritatis
1078 1748 1443 1820 testimonia

165 1838 337 1932 apud
367 1835 620 1905 nullum
649 1835 967 1904 Romanae
1002 1842 1214 1930 gentis
1245 1841 1442 1938 scrip-

164 1955 378 2002 torem
429 1954 580 1999 ante
633 1930 945 1999 Tacitum
999 1937 1279 2027 reperire
1329 1942 1439 2008 est.

265 2028 623 2095 OmoSUM
649 2028 810 2094 vero
839 2077 860 2115 ,
906 2034 1017 2115 &3
1063 2051 1136 2097 ut
1165 2034 1441 2124 opinor,

166 2118 394 2190 falsum
452 2122 540 2189 est
593 2131 861 2189 εἰθεότκτος
913 2125 1160 2192 crimen
1193 2176 1215 2212 ,
1262 2130 1442 2217 quod

172 2216 436 2308 quidam
502 2214 749 2284 Tacito
816 2214 1158 2305 objiciunt.
1252 2222 1442 2292 Deos

169 2314 347 2380 enirn
380 2310 598 2405 paffim
632 2314 904 2403 agnovit
929 2365 950 2399 ,
986 2315 1253 2406 negavit
1296 2320 1442 2385 nus-

172 2431 369 2499 quam
428 2430 449 2486 3
567 2406 895 2500 ipsamque
980 2433 1176 2502 opem
1269 2411 1440 2480 divi-

245 2527 261 2554 ¹
289 2524 405 2576 Tac.
424 2525 778 2593 Ann.XV‚44·
807 2533 820 2595 Ι
917 2532 938 2557 ⁷·
962 2529 1116 2585 Tacit.
1135 2531 1334 2599 Histv,
1356 2551 1400 2596 ς.
