1639 3115
298 88 346 105 A*

300 103 341 151 3
469 90 542 152 C.
587 89 1038 152 CORNELII
1106 94 1435 154 TACITI

306 190 565 275 collega
550 192 814 275 imperii,
855 191 1076 253 consors
1118 194 1426 254 tribuniciae
1469 204 1594 279 poJs

306 277 507 337 testatis
544 276 891 350 adsumitur,
929 276 1238 360 omnesque
1279 302 1376 361 per
1418 302 1576 345 exer-⁴

305 361 444 421 citus
466 361 807 420 ostentatur:
832 384 949 419 non
973 359 1255 433 obscuris,
1287 382 1348 422 ut
1372 382 1576 423 antea
1553 410 1585 435 „

297 446 496 505 matris
519 445 763 516 artibuS,
804 442 900 503 sed
927 443 1113 527 palam
1135 442 1375 506 hortatu.
1420 448 1571 506 Nam

295 527 495 590 senem
537 492 851 610 Augustiim
888 527 1213 588 devinxerat
1257 529 1439 602 adeo,
1489 530 1573 589 uti

293 634 573 697 nepotem
593 612 860 684 unicum,
883 610 1196 695 Agrippam
1214 616 1539 673 Postumum
1552 661 1571 687 ,

289 698 360 758 in
392 695 631 756 insulam
657 659 964 754 Planasiam
994 705 1328 779 projlceret:
1368 697 1573 757 rudem

293 780 425 842 sane
453 781 732 840 bonarum
755 781 994 853 artium,
1021 789 1078 840 δε
1103 780 1303 841 robore
1328 783 1573 864 corporis

290 864 492 925 stolide
533 863 786 924 ferocem
821 914 838 938 ,
882 863 1085 924 nullius
1130 886 1325 924 tamen
1376 865 1574 948 flagitii

289 970 672 1032 compertum.
742 947 822 1007 At
879 948 1102 1007 hercule
1163 950 1574 1009 Germanicum

291 1033 483 1094 Druso
508 1054 738 1103 ortum,
766 1036 895 1090 octo
924 1032 1071 1115 apud
1098 1033 1368 1091 Rhenum
1392 1033 1574 1115 legio*

290 1118 459 1178 nibus
483 1079 789 1198 imposuit,
831 1114 1143 1197 adscirique
1176 1139 1274 1198 per
1313 1116 1574 1200 adoptio-

292 1225 431 1261 nem
472 1225 503 1258 a
536 1199 776 1258 Tiberio
817 1199 1000 1281 juffit,
1049 1223 1396 1281 quamquam
1441 1200 1574 1261 effer

291 1285 355 1343 in
399 1284 576 1343 domo
608 1282 831 1342 Tiberii
869 1283 1014 1341 filius
1048 1290 1302 1364 juvenis,
1341 1283 1437 1344 secl
1459 1308 1572 1365 quo

292 1368 498 1471 plurib
492 1392 547 1426 13
591 1367 962 1426 munimentis
1008 1366 1289 1426 insisteret.
1349 1368 1574 1428 Bellum

293 1475 361 1512 ea
383 1453 709 1534 tempestate
735 1450 996 1523 nullum,
1022 1450 1123 1508 nisi
1149 1451 1407 1511 adversus
1434 1456 1576 1511 Ger-

291 1533 495 1596 manos
536 1534 856 1625 supererat:
901 1533 1190 1594 abolendae
1221 1536 1398 1617 magis
1434 1533 1576 1594 infa-

291 1621 464 1692 miae,
509 1618 585 1677 ob
623 1615 886 1677 arnissum
915 1642 957 1676 c
951 1642 1045 1677 1111
1075 1619 1393 1694 Quinotilio
1417 1621 1579 1681 Varo

289 1704 606 1765 exercitum
634 1750 651 1776 ,
715 1725 887 1782 quam
933 1702 1196 1785 cupidine
1247 1701 1574 1786 proferendi

290 1788 560 1871 imperii,
586 1806 680 1844 aut
699 1786 940 1868 dignum
961 1787 1037 1844 ob
1057 1787 1375 1868 praemium.
1391 1788 1575 1847 Domi

292 1894 382 1930 res
409 1867 758 1951 tranquillae:
762 1836 1000 1928 Deadem
1033 1870 1456 1951 magistratuum
1479 1895 1577 1931 voa

295 1954 510 2014 cabula.
585 1952 845 2016 Juniores
889 1954 1008 2035 post
1053 1921 1346 2012 Actiacam
1397 1955 1575 2014 victo*

296 2039 482 2110 riam,
531 2036 703 2096 etiam
741 2034 896 2095 senes
940 2035 1193 2118 plerique
1236 2038 1384 2096 inter
1426 2036 1574 2098 bella

300 2122 511 2182 civium
560 2120 676 2178 nati
719 2143 732 2176 t
797 2118 1231 2202 quotusquisque
1279 2120 1524 2202 reliquus
1554 2170 1573 2196 ,

298 2206 402 2288 qui
429 2202 839 2286 rempublicam
862 2201 1121 2264 vidisset.
1109 2209 1129 2248 ²

386 2289 833 2350 IV.1<;1TUR
889 2285 1045 2348 verso
1103 2286 1339 2347 civitatis
1393 2289 1576 2363 statu,

301 2370 446 2433 nihil
498 2370 733 2474 usquam
779 2370 940 2453 prisci
992 2379 1050 2431 δε
1097 2372 1305 2453 integri
1356 2373 1570 2432 moris:

303 2478 546 2526 omneS,
580 2476 740 2514 exuta
764 2455 1113 2536 etqualitate,
1155 2423 1289 2538 juffa
1311 2455 1573 2539 principis

301 2538 613 2625 aspeCRare:
658 2537 864 2600 nulla
849 2563 910 2601 111
948 2537 1176 2622 praesens
1215 2537 1523 2602 formidine
1545 2587 1574 2624 ,
