1655 3100
283 118 411 202 313
497 119 588 178 IN
635 115 989 180 LrssRUM
1036 138 1389 179 PRIMUM

359 217 632 286 Praefidium
651 218 890 286 agitantes
909 214 1162 267 vexillarii.
1190 216 1434 268 Vexillarii
1460 211 1568 267 di&
1635 206 1655 262 ‚2ss

290 283 392 334 sunt
403 325 417 348 ‚
435 288 517 354 qui
533 287 842 335 retinebantur
855 323 869 346 ,
889 300 966 333 aut
982 282 1275 333 mittebantur
1289 283 1367 333 sub
1384 280 1573 332 vexillo.

286 351 404 402 Inde
425 353 738 401 vexillationes
761 354 920 418 primae
942 389 956 411 ,
987 349 1191 398 secundae
1211 389 1225 412 ‚
1261 353 1397 400 tertiae
1415 387 1428 409 ,
1464 347 1575 394 alia-

285 433 485 486 rumque
506 419 748 486 legionum
768 457 782 479 ‚
806 435 906 485 quae
930 419 980 464 in
1007 415 1228 469 veteribus
1254 414 1570 465 monumentis

283 482 745 550 inscriptionibusque
768 482 883 552 saepe
906 497 1236 530 memorantur.
1279 484 1375 532 Sub
1399 479 1574 532 vexillo

283 551 597 599 retinebantur
624 551 862 600 veterani:
907 564 1036 596 erant
1068 565 1255 615 quoque
1286 547 1365 598 sub
1399 546 1572 597 vexillo

286 618 458 665 tirones
480 655 493 676 ‚
532 617 705 684 aliique
748 618 797 664 in
844 616 1042 682 legionis
1093 631 1310 664 numeros
1358 614 1572 663 nondum

284 684 434 730 relati.
454 681 754 732 Mittebantur
776 696 928 730 autem
948 679 1026 728 sub
1047 681 1217 728 vexillo
1241 679 1319 729 seu
1339 682 1569 740 veterani,

286 746 366 799 seu
389 751 557 798 tirones
576 789 589 812 ,
608 748 684 799 seu
701 751 777 798 alii
796 750 967 815 quique
984 747 1183 795 militum
1200 750 1280 814 qui
1296 747 1388 797 fine
1407 748 1545 815 signis
1556 757 1574 803 ,¹
1619 765 1625 797 ς

282 814 385 864 sine
407 817 570 883 aquilis
592 855 605 876 ‚
638 814 712 864 sed
733 832 840 864 cum
860 814 1034 863 vexillis
1058 814 1368 863 mittebantur.
1402 813 1571 864 Vexil-

284 880 421 942 larii,
453 881 509 929 de
531 882 694 948 quibus
723 898 848 929 nunc
874 882 1024 946 agitur
1043 918 1057 939 ,
1089 879 1297 928 videntur
1315 879 1572 946 praefidium

286 945 475 1014 agitasse
495 984 508 1007 ,
540 947 617 996 ubi
651 964 774 995 nunc
800 944 975 994 Emden
995 984 1009 1006 ‚
1042 947 1092 993 in
1128 944 1268 994 Frifia
1305 946 1570 1006 Orientali,

284 1013 318 1061 1'
327 1011 481 1079 Osi-F
479 1012 580 1078 rije.
596 1014 674 1062 De
689 1012 955 1064 Vexillariis
973 1010 1109 1076 plura
1128 1010 1324 1063 diximus
1346 1015 1394 1062 in
1411 1015 1570 1081 priore
1618 1055 1619 1059 ,

286 1078 490 1134 editione
514 1117 528 1140 ‚
548 1079 693 1128 Tom.
714 1080 737 1127 Ι
755 1118 768 1139 ,
800 1095 912 1144 pag.
938 1092 1048 1141 351.

1629 95 1632 99 ²
1643 81 1655 118 '5

1645 267 1653 295 ,’

1634 293 1655 344 i:

1616 343 1655 370 ujus

1622 371 1653 491 t

1621 494 1647 518 N·

1622 531 1627 553 3
1636 526 1652 553 1³

1620 559 1628 605 ‘z
1638 556 1647 591 ἵ

1616 628 1651 720 g«

354 1144 568 1222 Conceffq
583 1146 707 1210 jure.
736 1145 817 1199 Jus
843 1146 969 1193 enim
999 1143 1142 1210 gladii
1169 1160 1263 1195 erat
1281 1162 1424 1211 penes
1447 1146 1573 1214 lega-2
1629 1154 1637 1188 'I'

287 1226 387 1263 tum
407 1229 422 1273 3
457 1213 649 1262 minime
674 1209 784 1262 vero
809 1227 951 1277 penes
972 1211 1218 1258 castrorum
1239 1211 1523 1277 praefestum.

352 1276 433 1327 Ad
460 1277 627 1340 ripam.
657 1278 736 1327 Ad
770 1279 922 1343 ripam
957 1275 1111 1324 Rheni
1150 1279 1366 1326 vexillum
1401 1281 1534 1328 vertit
1553 1289 1575 1340 ,'

286 1343 561 1458 &dtur-bidos
586 1344 796 1414 nihilque
820 1342 948 1395 ausos
978 1345 1028 1392 in
1052 1341 1246 1393 hiberna
1266 1347 1327 1394 cis
1350 1344 1565 1395 Rhenum

285 1427 337 1462 te
372 1425 481 1459 uxit.

353 1543 478 1593 CAP.
503 1541 747 1595 XXXIX.
797 1540 1053 1620 Regrqffitm
1091 1544 1206 1622 jum.
1257 1541 1565 1595 Germanicus

285 1608 507 1677 regressus
534 1626 628 1660 erat
653 1627 681 1660 a
704 1607 958 1659 Germania
991 1609 1238 1677 superiore.

351 1676 491 1736 Apud
516 1675 664 1725 Aram
699 1674 932 1726 Ubiorum.
988 1676 1087 1725 Ara
1124 1677 1359 1726 Ubiorum
1383 1717 1397 1741 ,
1439 1695 1565 1728 nunc

282 1741 420 1794 Bona
438 1763 452 1790 .·
476 1745 526 1795 ni
547 1741 663 1791 forte
684 1741 734 1790 fit
751 1741 878 1791 locus
902 1743 1061 1808 paullo
1083 1741 1315 1819 superior,
1343 1747 1419 1812 qui
1441 1763 1566 1794 nunc
1609 1779 1615 1784 -

286 1809 449 1859 dicitur
477 1808 736 1874 Gots-berg
749 1843 765 1866 ,
791 1806 867 1857 seu
887 1827 1021 1857 mons
1041 1809 1219 1859 divinus
1237 1850 1250 1873 ,
1280 1826 1328 1860 ut
1348 1813 1565 1878 opinatur

286 1875 365 1926 Cl.
387 1874 634 1924 d'Anville.
681 1874 852 1923 Notice
879 1873 933 1923 de
966 1875 1013 1922 la
1043 1874 1196 1924 Gaule
1215 1915 1229 1933 ,
1260 1894 1371 1943 pag.
1400 1882 1475 1925 86.

378 1939 627 2004 Confidam
662 1936 888 1999 funffum.
969 1940 1115 1988 Anno
1169 1941 1311 1990 Urbis
1368 1943 1564 1995 conditae

283 2021 520 2056 Dccrxvr
536 2045 548 2066 ‚
584 2003 882 2059 ,Iesu—Christi
905 2044 916 2066 ,
957 2023 1031 2069 13.

355 2071 588 2122 Vexillum
614 2071 663 2120 in
696 2069 820 2118 domo
851 2071 1125 2121 Germanici
1133 2071 1296 2138 strum.
1322 2073 1563 2126 Vexillum

284 2139 634 2202 imperatorium
659 2176 671 2197 ,
712 2152 762 2185 ut
795 2136 889 2185 vult
925 2136 1105 2203 Lipsius
1139 2157 1149 2185 τ
1192 2157 1277 2188 nec
1310 2140 1559 2189 immerito.
1593 2180 1601 2191 ,Α
1644 2133 1645 2177 3

284 2201 398 2251 Hoc
419 2207 543 2252 enim
571 2219 666 2252 erat
692 2203 961 2252 austoritatis
981 2203 1185 2270 infigne‚
1212 2205 1340 2272 quod
1365 2205 1560 2255 seditiosi

283 2285 468 2333 raptum
500 2270 640 2319 ibant.
684 2270 800 2318 Sunt
831 2285 985 2317 tamen
1017 2272 1095 2336 qui
1128 2269 1176 2316 id
1205 2272 1468 2338 intelligant
1501 2273 1561 2324 de

285 2335 453 2385 vexillo
479 2375 507 2396 ,,
525 2354 618 2403 quo
640 2335 799 2384 donati
824 2334 1003 2384 fuerant
1023 2337 1238 2385 veterani..

348 2464 476 2523 CAP.
495 2464 604 2514 XL.
633 2465 882 2517 Parvulum
890 2463 1061 2531 filium.
1083 2465 1250 2515 Caium
1276 2465 1562 2535 Caligulam.
1587 2472 1601 2493 ”¹
1636 2476 1639 2502 ¹

1585 2498 1639 2531 ν’

352 2531 452 2591 Oui
471 2531 737 2582 manebant.
762 2531 814 2580 N
817 2550 868 2581 ec
884 2535 1032 2581 minus
1053 2534 1191 2582 tristes
1211 2572 1224 2593 ,
1250 2531 1558 2591 Germanicus

284 2596 475 2669 ¹ejusque:
504 2599 642 2651 amici
663 2637 678 2661 2
715 2600 793 2668 qui
817 2600 867 2651 in
892 2599 1040 2651 castris
1066 2599 1329 2651 manebant.
1575 2623 1599 2653 ,t-

1586 2553 1637 2582 ,ὁ

1635 2534 1638 2563 2
