1639 3115
307 140 384 218 ὲκ.
481 158 554 216 C.
602 155 1050 216 CoRmmx
1106 155 1414 215 ΤΑειτι

86 295 289 338 μς
308 254 464 339 quod
486 254 799 340 designatus
830 254 1021 315 consul
1046 254 1260 316 Drusus
1280 303 1298 329 ,
1334 249 1611 339 praesenfi

89 351 146 395 A·
165 351 213 389 U·
235 349 287 389 C·
311 364 421 424 que
451 361 584 401 erat.
636 340 989 399 Candidatos
1011 362 1252 423 praeturae
1276 339 1587 401 duodecim

139 423 250 474 267·
311 425 630 486 nominavit
655 472 672 497 ,
712 435 1016 484 numerum
1041 424 1111 483 ab
1133 423 1384 507 Augusto
1409 424 1586 484 tradi-

125 496 167 543 ³·
201 496 250 537 C'
311 531 433 570 tum
459 535 470 568 :
497 518 555 570 &
578 509 838 568 hortante
857 507 1049 567 senatu
1073 529 1134 568 ut
1158 530 1385 592 augeret
1407 556 1424 581 ‚
1447 516 1586 590 Jure-

149 577 235 628 ’Μ’
304 593 546 678 jurando
572 592 861 652 obstrinxit
884 640 902 665 ,
937 591 991 652 se
1021 616 1139 651 non
1167 590 1528 653 exceffurum.

394 679 531 739 XV.
555 678 736 735 TUM
774 699 1082 737 PRIMUM
1117 700 1147 736 e
1177 700 1378 759 campo
1407 676 1583 735 corni-

304 762 384 823 tia
411 761 482 821 ad
516 781 695 844 patres
720 761 975 821 transsata
994 758 1137 820 sunt.
1182 763 1333 820 Nam
1358 759 1430 819 ad
1455 783 1585 820 eam

307 846 465 906 diem
488 892 506 917 ‚
548 843 645 904 erfi
685 845 962 928 potissima
999 845 1228 904 arbitrio
1270 843 1540 927 Principis
1562 890 1583 918 ,

305 929 565 1012 quaedam
603 949 796 988 tamen
831 929 1018 988 studiis
1046 929 1297 989 tribuum
1332 928 1580 988 fiebant:

309 1036 496 1096 neque
518 1011 755 1096 populus
775 1013 1108 1097 ademptum
1129 1021 1211 1095 jus
1232 1015 1450 1095 questus
1464 1013 1582 1085 est,

309 1097 411 1159 nifi
434 1098 588 1156 inani
609 1119 864 1156 rumore:
886 1106 943 1158 &
959 1096 1175 1156 senatus
1193 1096 1584 1180 largitionibus

308 1206 371 1241 ac
421 1180 676 1264 precibus
717 1179 953 1240 sordidis
1007 1180 1281 1240 exsolutus
1326 1228 1342 1253 ‚
1402 1179 1584 1239 libens

310 1266 492 1325 tenuit
516 1313 532 1338 ‚
583 1265 916 1325 moderante
960 1266 1199 1325 Tiberio
1220 1313 1235 1337 ‚
1287 1288 1358 1323 ne
1398 1262 1596 1347 plures

306 1350 482 1430 quein]
506 1370 744 1430 quatuor
769 1349 1096 1409 candidatos
1124 1347 1585 1421 commendaret,
1638 1381 1639 1409 z

306 1433 421 1492 fine
447 1431 663 1514 repulsa
683 1441 742 1495 &
764 1433 985 1492 ambitu
1007 1431 1393 1516 designandos.
1427 1435 1584 1491 Inter

308 1538 430 1598 quae
459 1517 671 1576 tribuni
699 1515 906 1599 plebeii
934 1518 1180 1600 petivere
1204 1565 1220 1590 ‚
1262 1537 1324 1575 ut
1355 1516 1585 1598 proprio

307 1600 533 1683 sumptu
567 1600 800 1661 ederent
837 1601 998 1660 ludos
1021 1650 1038 1674 ‚
1093 1601 1193 1682 qui
1231 1600 1302 1660 de
1347 1600 1586 1661 nomine

307 1684 545 1768 Augusti
571 1732 587 1757 ‚
628 1682 776 1744 fastis
802 1684 1022 1758 additi,
1064 1682 1391 1768 Augustales
1420 1706 1582 1743 voca-

308 1790 538 1829 rentur:
576 1766 674 1828 sed
712 1768 936 1829 decreta
973 1770 1208 1852 pecunia
1245 1791 1311 1828 ex
1351 1768 1538 1826 aerario
1561 1815 1581 1840 ,
1637 1766 1639 1806 2

307 1874 481 1933 utque
521 1875 618 1934 per
654 1854 893 1910 Circum
929 1850 1255 1935 triumphali
1284 1853 1428 1911 veste
1463 1872 1581 1912 ute-

305 1956 528 1996 rentur:
554 1957 715 1994 curru
737 1937 868 1996 vehi
893 1935 1043 1994 haud
1066 1933 1410 2018 permissum.
1434 1936 1581 1994 Mox

309 2017 614 2079 celebratio
637 2042 822 2079 annua
856 2019 928 2079 ad
963 2039 1257 2103 praetorem
1285 2017 1539 2076 transsata
1558 2064 1579 2090 ‚

310 2103 400 2163 cui
432 2103 578 2162 inter
624 2104 770 2165 cives
809 2113 868 2166 &
908 2104 1231 2188 peregrinos
1270 2100 1582 2185 jurisdictio.

306 2185 590 2249 evenisset.

385 2272 550 2334 XVI.
575 2274 632 2331 H
647 2295 665 2329 1
685 2294 716 2328 c
748 2292 791 2329 R
807 2292 836 2329 E
854 2291 896 2328 R
913 2291 951 2328 u
968 2290 1016 2327 M
1044 2267 1384 2328 urbanarum
1412 2269 1580 2329 status
1599 2279 1612 2287 ’“

305 2375 424 2415 erat
450 2404 466 2428 ‚
510 2355 642 2415 cum
681 2354 1028 2414 Pannonicas
1076 2352 1327 2436 legiones
1372 2351 1577 2414 seditio
1595 2371 1610 2405 «⁴

306 2438 545 2498 incessit:
572 2437 737 2499 nullis
759 2439 918 2498 novis
933 2435 1099 2498 caulis
1117 2484 1133 2510 ‚
1153 2436 1252 2495 nisi
1276 2435 1429 2519 quod
1451 2460 1603 2499 mua*¹
1628 2497 1629 2503 ,

309 2542 450 2582 tatus
472 2524 730 2605 Princeps
756 2523 1042 2582 licentiam
1072 2521 1360 2580 turbarum
1379 2569 1396 2593 ‚
1427 2529 1484 2581 δε
1506 2510 1626 2599 ωερε

306 2606 460 2673 civili
483 2605 634 2668 bello
668 2606 824 2691 spem
848 2607 1204 2693 praemiorum
1229 2604 1585 2679 ostendebatis
1621 2676 1628 2683 ..
