1655 3088
262 137 740 181 ANNALIUM
797 119 966 180 LIB.
1018 122 1121 183 IV.
1211 144 1322 204 235

55 220 326 285 militares
350 219 599 289 anim05‚
635 216 932 289 adeundo,
964 219 1298 300 appellando
1319 246 1331 279 z
1350 239 1543 276 Ξ

56 304 221 367 fimul
255 302 607 362 centuriones
647 325 707 359 ac
750 298 1001 359 tribunos
1038 300 1149 382 ipse
1191 304 1328 362 deli-
1352 299 1404 337 A.
1422 300 1471 337 U·
1491 298 1542 338 C.

49 410 187 472 gere
206 412 218 444 ε
243 408 426 467 neque
448 383 725 444 senatorio
746 383 966 443 ambitu
989 384 1294 445 abstinebat
1311 435 1326 459 ‚
1386 369 1500 482 5772·

54 471 285 532 clientes
341 467 463 528 suos
518 468 824 527 honoribus
878 489 972 527 aut
1028 469 1327 550 provinciis
1405 468 1504 567 2:32.

52 553 309 619 ornando
331 601 346 626 ,
369 551 519 611 facili
536 553 773 612 Tiberio
796 601 812 625 ‚
837 574 1004 633 atque
1022 554 1099 610 ita
1116 574 1294 634 prono
1310 601 1328 626 ,

52 658 116 698 ut
144 636 355 712 socium
399 641 634 695 laborum
669 684 685 709 ,
739 659 855 694 non
900 635 1076 694 modo
1120 638 1177 694 in
1223 634 1331 695 ser-

54 720 321 781 monibus
346 768 362 792 ,
402 719 499 780 sed
544 720 690 801 apud
734 740 914 801 patres
955 728 1013 779 &
1050 718 1328 802 populum

56 803 363 864 celebraret
388 850 404 875 ‚
455 802 676 883 colique
715 824 813 884 per
851 803 1066 862 theatra
1109 812 1166 862 δε
1206 800 1328 862 fora.

55 883 266 968 effigies
291 894 406 968 ejus
422 932 438 957 ,
459 886 716 967 interque
740 886 1011 969 principia
1034 885 1327 969 legionum

45 969 271 1032 smeret.

132 1055 235 1111 111.
263 1053 566 1111 CETERUM
593 1048 757 1132 plena
782 1048 1063 1110 Caesarum
1091 1050 1326 1126 domus,

50 1136 267 1218 juvenis
321 1133 465 1192 filius
498 1181 513 1206 ‚
561 1155 792 1217 nepotes
841 1133 1059 1207 adulti,
1103 1158 1326 1195 moram

52 1220 251 1302 cupitis
280 1215 611 1277 adferebant
635 1242 646 1275 ε
683 1226 741 1277 &
767 1265 782 1289 ‚
817 1218 947 1298 quia
969 1219 1024 1277 vi
1055 1239 1138 1278 tot
1161 1218 1326 1279 simul

48 1304 329 1385 corripere
364 1302 611 1359 intutum
635 1348 650 1372 ,
690 1300 850 1359 dolus
887 1302 1178 1362 intervalla
1214 1301 1326 1363 sce-

48 1385 233 1446 lerum
267 1382 543 1468 poscebat.
587 1383 800 1442 Placuit
832 1406 1023 1445 tamen
1053 1385 1328 1445 occultior

49 1471 140 1530 via
158 1519 174 1543 ,
200 1478 257 1530 δεῖ
280 1493 310 1527 a
329 1466 515 1527 Druso
533 1468 809 1549 incipere,
833 1469 892 1526 in
916 1492 1090 1550 quem
1111 1470 1327 1530 recenti

22 1549 130 1627 ‘irzl
188 1551 485 1612 ferebatur.
561 1552 712 1609 Nam
761 1551 974 1611 Drusus
1025 1552 1328 1635 impatiens

47 1636 236 1697 aemuli
259 1684 275 1707 ,
309 1643 366 1695 δε
394 1635 586 1693 animo
618 1636 961 1694 commotior
985 1683 1002 1707 ,
1029 1657 1154 1694 orto
1180 1634 1325 1697 forte

46 1721 231 1803 jurgio
254 1717 574 1778 intenderat
591 1719 788 1799 Sejano
809 1742 1033 1791 manuS,
1056 1728 1112 1779 &
1132 1721 1325 1780 contrat

49 1803 335 1864 tendentis
371 1826 432 1860 os
466 1802 866 1862 verberaverat.
912 1803 1089 1884 Igitur
1129 1808 1326 1863 cuncta

48 1887 292 1948 tentanti
324 1884 798 1967 promptiffirnum
836 1884 1015 1945 visum
1036 1934 1054 1959 ‚
1087 1886 1157 1946 ad
1187 1911 1325 1945 uxo-

47 1993 172 2031 rem
207 1977 322 2051 ejus
351 1969 574 2027 Liviam
602 1990 969 2047 convertere3
1011 1994 1130 2051 quae
1172 1969 1325 2030 soror

49 2053 378 2115 Germanici
397 2100 412 2124 ‚
435 2050 628 2111 formae
646 2053 812 2111 initio
832 2055 1001 2112 aetatis
1020 2055 1325 2129 indecorae,

46 2162 183 2202 mox
231 2136 646 2220 pulchritudine
690 2137 1054 2220 praecellebat.
1122 2141 1324 2213 Hane,

44 2245 110 2287 ut
151 2243 342 2281 amore
383 2218 688 2293 incensus,
744 2220 1020 2281 adulterio
1055 2221 1323 2304 pellexit:

46 2316 107 2368 &
151 2307 441 2389 postquam
490 2304 658 2386 primi
702 2304 899 2387 flagitii
949 2306 1157 2388 potitus
1207 2308 1321 2379 est,

24 2388 279 2471 (neque
321 2387 537 2448 femina
561 2435 577 2461 ‚
624 2387 819 2447 amisszl
860 2389 1127 2473 pudicitia
1152 2438 1169 2463 ‚
1215 2390 1321 2450 alia

48 2474 343 2549 abnuerit)
381 2471 452 2530 ad
477 2472 723 2554 conjugii
746 2471 901 2555 spem
924 2522 940 2547 ,
976 2473 1321 2533 consortium

24 2558 208 2646 segni
231 2604 249 2630 ,
290 2564 360 2619 &.
375 2579 574 2617 necem
612 2557 800 2618 mariti
835 2557 1082 2643 impulit.
1129 2557 1323 2642 Atque
