1655 3088
281 163 1046 232 ,ANNAL1UML1nL
1219 188 1289 245 57

29 266 294 336 Rhenum
318 267 626 326 colentium
647 314 663 338 ‚
699 266 934 325 Caecinae
958 264 1125 323 tradit
1149 289 1160 321 ε
1204 287 1292 323 to-

32 355 209 415 tidem
235 352 482 434 legiones
504 399 520 422 ,
559 349 844 432 duplicem
879 348 1158 407 sociorum
1190 372 1291 407 nu-

0 491 4 497 .
29 459 249 497 merum
262 434 373 517 ipse
387 434 566 492 ducit:
587 432 876 515 positoque
894 431 1113 492 castello
1130 430 1289 514 super

0 631 5 670 5
29 603 352 686 expeditum
381 623 685 662 exercitum
713 602 772 658 in
797 603 995 660 Cattos
1019 599 1195 682 rapit3
1226 603 1291 659 L.

0 678 2 746 ff
27 685 283 769 Apronio
319 685 390 744 ad
417 686 761 744 munitiones
783 685 1001 743 viarum
1028 692 1084 742 &
1112 683 1296 740 flumi-

0 768 3 834 ἰ
28 793 168 829 num
193 770 402 829 relicto·
451 770 602 827 Nam
627 816 642 839 ,
678 791 863 827 rarum
889 767 973 825 illi
997 765 1127 825 caelo
1154 814 1171 839 ,
1198 766 1300 824 fic-

27 854 193 912 citate
223 901 240 925 ‚
287 861 344 912 &
383 852 640 910 amnibus
676 852 915 910 modicis
957 848 1297 909 inoffensum

26 936 132 996 iter
147 956 553 1019 properaverat3
571 935 910 1017 imbresque,
925 944 981 995 δέ
995 935 1300 993 fluminum

0 1025 2 1040 '
25 1024 212 1080 auctus
237 1019 577 1103 regredienti
595 1021 966 1080 metuebatur.
985 1018 1093 1077 Sed
1114 1019 1298 1077 Cattis

0 1171 1 1178 ἵ
25 1103 166 1163 adeo
197 1103 524 1186 improvisus
549 1104 776 1163 advenit
795 1153 811 1176 ‚
842 1125 902 1162 ut
933 1102 1088 1184 quod
1111 1102 1296 1161 imbe-

0 1250 2 1263 r
25 1186 221 1246 cillum
242 1208 396 1246 aetate
421 1211 481 1246 ac
511 1186 636 1247 sexu
657 1236 673 1260 ,
703 1189 885 1247 statim
910 1208 1136 1270 captum
1159 1234 1174 1258 ,
1202 1207 1297 1245 aut

0 1332 1 1338 ,
25 1271 366 1330 trucidatum
384 1270 464 1330 fit.
484 1273 514 1332 J
519 1292 753 1345 aventus
776 1272 988 1330 flumen
1004 1269 1301 1329 Adranam

0 1355 212 1414 'nando
244 1354 550 1413 tramiserat
571 1402 587 1426 ,
629 1353 1028 1434 Romanosque
1060 1375 1298 1435 pontem

0 1465 1 1469 ¹
22 1459 325 1521 coeptantes
349 1438 611 1498 arcebant
632 1463 643 1495 t
669 1438 801 1498 dein
827 1438 1122 1502 tormentis
1141 1433 1299 1519 sagit-

24 1521 201 1603 tisque
221 1521 358 1605 pulfi
379 1572 395 1594 ,
421 1522 645 1581 tentatis
663 1521 856 1581 frustra
877 1521 1303 1581 conditionibus.

23 1607 170 1689 pacis
191 1653 207 1677 ‚
234 1605 365 1664 cum
385 1606 619 1686 quidam
641 1607 712 1664 ad
740 1607 1145 1665 Germanicum
1171 1629 1298 1688 pera

24 1686 288 1771 fugissent
305 1738 320 1762 ,
341 1689 574 1770 reliqui,
599 1689 803 1746 omissis
832 1690 983 1771 pagis
1011 1689 1255 1768 vicisque
1278 1736 1302 1762 ,,

0 1787 1 1792 ’
23 1773 83 1831 in
100 1771 251 1832 filvas
276 1770 878 1855 disperguntur.'Caesar
899 1771 1123 1830 incenso
1144 1774 1300 1831 Mat-

26 1856 110 1914 tio
159 1860 176 1932 (
197 1856 258 1915 id
293 1857 448 1938 genti
495 1878 658 1936 caput
682 1859 698 1931 )
744 1876 931 1936 aperta
967 1855 1259 1936 populatus
1276 1903 1302 1928 „

23 1939 191 1998 vertit
217 1938 288 1998 ad
321 1939 589 1998 Rhenum
614 1963 627 1995 ι
669 1962 784 1997 non
811 1937 939 1996 auso
963 1939 1115 1997 hoste
1141 1959 1301 2021 terga

23 2023 354 2084 abeuntium
399 2019 654 2081 laceffere
684 2071 710 2095 ,,
750 2023 905 2102 quod
944 2021 1029 2079 i-lli
1071 2023 1244 2086 moris
1276 2072 1299 2096 ,

25 2106 284 2192 quotiens
317 2107 428 2165 astu
452 2107 628 2188 magis
652 2154 668 2177 ,
705 2108 876 2185 quam
908 2128 1005 2188 per
1030 2103 1296 2164 formidi-

24 2212 160 2249 nem
177 2189 338 2249 cesfit.
352 2192 546 2248 Fuerat
559 2189 776 2248 animus
793 2187 1086 2248 Cheruscis
1104 2196 1298 2269 juvare

25 2276 223 2333 Cattos
247 2321 263 2345 ‚
299 2272 401 2332 sed
440 2274 704 2333 exterruit
743 2275 968 2332 Caecina
1008 2272 1116 2331 huc
1158 2272 1294 2332 illuc

27 2354 208 2417 ferens
229 2380 384 2416 arma
410 2382 421 2414 z
465 2365 522 2416 &
551 2355 769 2416 Marsos
799 2355 1069 2440 congredi
1093 2356 1246 2416 ausos
1271 2405 1293 2430 ,

28 2440 284 2524 prospero
312 2439 510 2523 proelio
535 2441 804 2501 cohibuit.

115 2526 297 2583 LVII.
335 2526 543 2596 NEQUE
577 2524 756 2583 multo
790 2525 906 2607 post
941 2521 1110 2605 legati
1138 2547 1169 2581 a
1192 2526 1290 2583 Se-

8 2659 14 2681 „
29 2607 173 2690 geste
196 2629 498 2683 venerunt,
508 2608 774 2671 auxilium
791 2629 1009 2668 orantes
1032 2605 1297 2667 adversus

12 2704 14 2736 ἱ
988 2692 1123 2762 Cv,

1317 340 1365 378 A.
1387 343 1437 380 U.
1459 342 1515 382 C.

1358 412 1470 461 768.

0 535 3 577 ἑ
27 521 250 602 vestigia
272 519 487 601 paterni
509 516 739 599 praefidii
763 519 823 575 in
845 537 1040 576 monte
1054 517 1256 573 Tauno
1272 564 1290 588 ‚
1357 488 1395 596 11.
1409 489 1481 607 ξ’
