1676 3105
267 119 388 200 3136
450 116 537 176 IN
583 112 925 174 meM
979 129 1398 187 QUARTUM‘

330 217 427 267 Per
454 214 706 277 Apicatam
730 212 916 279 Sejani.
959 213 1116 276 Sejani
1146 231 1356 264 uxorem.

333 286 584 333 Recentem
627 279 778 330 Liviae
826 280 1164 344 conscientiam.
1225 280 1372 332 Vetus
1411 278 1548 333 Juliae

263 348 485 416 'Augustae
528 346 688 396 odium
712 385 725 406 ,
772 362 1001 394 recentem
1041 345 1184 394 Liviae
1211 386 1225 408 ,
1262 348 1377 395 olim
1411 347 1551 397 Drufi

265 418 422 465 uxoris
443 454 458 477 ,
491 430 616 463 nunc
649 413 825 478 pellicis
856 412 1012 475 Sejani
1035 449 1048 471 ,
1085 411 1411 462 conscientiam
1440 430 1552 462 exa÷

300 484 411 532 itare
431 520 444 542 ,
483 496 529 529 ut
558 478 683 545 apud
704 476 944 525 Tiberium
971 494 1214 544 arguerent
1232 480 1551 547 Agrippinam

259 500 505 614 ἕψει-13331
529 582 544 604 ,
590 542 867 593 fecunditate
909 542 1148 592 subnixam
1177 582 1195 605 ,
1245 547 1551 612 popularibus

261 614 417 662 studiis
448 613 625 662 inhiare
655 610 979 659 dominationi.
1032 609 1189 679 Atque
1225 610 1324 661 haec
1356 608 1550 675 Sejanus

261 679 499 728 difiitabat
521 677 694 726 callidis
722 675 1086 725 criminatoribus
1107 716 1120 738 ‚
1148 679 1265 728 inter
1290 697 1407 747 quos
1431 679 1552 728 dele-

302 762 395 794 erat
420 745 597 799 Julium
628 743 894 792 Postumum
912 783 924 804 ,
953 761 1039 810 per
1064 744 1341 795 adulterium
1358 745 1553 795 Mutiliae

262 764 426 862 {riscae
468 812 585 860 inter
625 812 823 860 intimos¹
847 810 1066 876 Augustae
1089 849 1103 871 ,
1145 818 1190 860 δε
1229 811 1426 861 consiliis
1463 810 1552 861 suis

262 878 573 946 peridoneum
591 896 601 923 :
622 879 731 944 quia
744 874 894 924 Prisca
910 879 958 924 in
977 879 1136 925 animo
1148 879 1367 945 Augustae
1384 878 1557 941 valida,

264 948 408 994 anum
429 942 679 1011 Augustam
698 982 713 1004 ‚
733 941 888 1008 suapte
913 944 1074 991 natura
1094 950 1312 1009 potentiae
1335 947 1558 1012 anxiam,

264 1009 586 1066 insociabilem
615 1009 898 1078 Agrippinae
926 1008 1169 1059 efficiebat.

332 1142 461 1193 CAP.
478 1142 616 1193 XIII.
644 1140 846 1192 Civitati
869 1141 1173 1210 Cibyraticae.
1207 1141 1386 1211 Cibyra
1405 1182 1420 1207 ‚
1448 1144 1560 1199 urbs

263 1208 484 1278 Phrygiae
506 1249 520 1272 ‚
551 1208 717 1258 Turcis
751 1209 872 1257 dicia
898 1208 1073 1276 Βιινιιῑ.

333 1276 559 1344 AEgiertfi.
574 1274 765 1343 AEgium
783 1315 795 1336 ‚
820 1276 923 1323 urbs
938 1275 1132 1324 Achaiae
1148 1313 1162 1336 ,
1182 1292 1309 1325 nunc
1328 1275 1379 1328 V
1376 1275 1562 1340 ostizzaa

336 1342 395 1391 In
429 1341 622 1407 infidam
652 1345 923 1408 Amorgum.
971 1340 1122 1409 AEgaei
1153 1345 1294 1390 maris
1327 1341 1525 1393 insulam
1539 1348 1566 1403 ,‘

269 1422 397 1471 nunc
430 1411 650 1472 Amorgo-

287 1474 289 1477 ’
338 1477 491 1526 Pater
518 1468 833 1532 Sempronius.
866 1468 1017 1536 Supra
1046 1469 1221 1517 Annal.
1243 1468 1267 1515 Ι
1288 1506 1302 1528 ,
1339 1484 1420 1531 53.
1471 1508 1473 1510 .

336 1539 553 1603 Africam
583 1536 895 1588 obtinuerant.
941 1534 1112 1583 Africae
1141 1533 1461 1601 proconsules.

333 1672 460 1724 CAP.
478 1669 619 1723 XIV.
635 1668 834 1720 Samiis.
855 1668 1037 1731 Samos,
1055 1666 1207 1736 AEgaei
1226 1669 1363 1718 maris
1382 1664 1530 1718 insula
1541 1674 1563 1731 ς

269 1740 410 1792 hodie
436 1755 626 1808 quoque
652 1735 812 1787 Samo,

340 1805 467 1856 Cois,
503 1806 600 1856 Cos
619 1844 634 1868 ,
661 1802 811 1873 AEgaei
839 1819 1031 1872 quoque
1062 1803 1200 1852 maris
1225 1799 1402 1862 insula,
1433 1815 1561 1851 nunc

275 1871 523 1926 Scan—Co.

341 1938 508 2000 Amphi
515 1937 734 2002 &yonam
751 1934 1126 2001 Amphictyones
1139 1971 1153 1995 ,
1174 1934 1415 2000 publicum
1431 1931 1562 1982 Grae*

277 2008 357 2055 ciae
383 2005 630 2053 concilium
662 2001 718 2051 ab
753 2001 932 2048 Acrisio
963 2002 1217 2049 institutum
1243 2019 1253 2047 :
1295 2016 1400 2047 vere
1432 1998 1561 2047 Del-

274 2073 377 2141 phis
401 2110 412 2132 ‚
451 2086 673 2120 autumno
705 2067 763 2116 ad
796 2066 1143 2132 Thermopylas
1178 2065 1560 2125 conveniebantj

275 2154 323 2188 ut
357 2154 452 2186 tum
482 2137 537 2186 de
572 2153 619 2183 re
650 2132 925 2184 Graecorum
953 2133 1137 2200 publica
1160 2171 1174 2194 ‚
1212 2149 1310 2182 tum
1334 2131 1394 2180 de
1423 2128 1564 2185 sacris

272 2206 406 2262 sunu]
438 2201 759 2252 consultarent.

336 2269 718 2319 Trucidarentur.
765 2266 895 2315 Dum
933 2267 1098 2314 mutuis
1136 2264 1278 2314 Marii
1317 2264 1561 2333 Syllaeque

267 2337 393 2387 odiis
412 2337 564 2385 Roma
589 2333 824 2384 laborabat
844 2371 855 2393 ‚
888 2334 1004 2380 cives
1033 2332 1272 2380 Romanos
1296 2329 1405 2379 Afia
1427 2348 1554 2392 tota,

277 2403 552 2454 Mithridatis
584 2399 726 2462 jussu,
765 2399 821 2448 ad
852 2398 1119 2447 condictum
1155 2397 1277 2445 diem
1312 2397 1556 2447 trucidavit:
1576 2406 1588 2419 ⁸

276 2487 403 2521 anno
434 2468 501 2517 U.
521 2467 578 2515 C·
608 2482 825 2515 Dcrxv1.
850 2464 1125 2513 Trucidatos
1159 2481 1218 2512 cr.
1253 2479 1312 2512 Μ.
1345 2481 1441 2514 uno
1480 2464 1555 2518 die

278 2536 414 2594 tradit
446 2531 709 2591 Plutarchus
742 2535 794 2587 in
822 2532 950 2603 Sylla
969 2570 984 2596 ,
1014 2548 1126 2600 pag·
1147 2538 1261 2600 4614·

1671 2408 1676 2441 1

1672 2446 1676 2472 ι
