1655 3088
400 182 865 230 ANNAL1UM
908 175 1180 245 Norffi.
1314 201 1421 272 363

231 254 393 325 Ipsius.
422 262 595 314 Pisonis
613 304 627 328 ‚
658 271 795 333 patris
812 308 826 332 ‚
861 277 940 341 qui
970 275 1048 325 fibi
1074 298 1270 334 mortem
1301 290 1435 348 cons*-¹

161 340 347 374 civerat.

229 389 345 439 Cum
374 391 542 451 pudore
578 393 629 444 ἓν
645 397 856 466 flagitio.
909 403 1181 462 Pudendum
1219 419 1344 466 enim
1384 428 1432 471 ὃς

159 456 436 522 flagitiosum
458 464 610 509 matris
627 481 785 528 preces
800 469 1046 524 obtendere
1062 515 1074 537 ,
1101 477 1208 530 cum
1220 481 1276 531 de
1301 485 1434 536 ulcis-

157 522 305 572 cenda
337 522 606 576 Germanici
635 548 782 582 morte
815 553 1036 604 ageretur.

225 587 378 654 Leges
410 589 660 646 obtineant.
701 597 847 662 Quod
877 621 966 669 pro
1002 609 1213 660 omnibus
1258 616 1431 668 civibus

157 652 368 704 obtinent
393 656 518 723 leges
535 696 548 719 ,
584 677 632 710 ut
654 664 964 718 interfectores
983 691 1131 724 morte
1148 681 1401 742 puniantur
1413 723 1430 746 ,

155 719 206 770 id
233 723 314 768 uni
334 720 620 773 Germanico
642 746 740 777 non
765 736 1018 802 contigisse.
1171 760 1176 765 ¹

222 784 463 848 Refhrenre
496 789 693 854 Caeffire.
735 795 949 866 Principe
985 802 1136 854 causas
1172 810 1397 866 referente
1414 834 1434 881 ,'

151 850 239 915 ipfi
258 851 461 902 consules
482 859 710 926 ceterique
730 867 1015 930 magistratus
1034 889 1224 923 munere
1244 879 1430 934 dicendi

154 917 422 966 sententiam
450 920 774 988 fungebantur.
815 930 1014 983 Absente
1039 937 1147 986 νει-ὸ
1174 940 1389 1013 Principe
1411 989 1429 1013 ,

152 981 420 1032 sententiam
442 1004 494 1033 ro
534 988 670 1039 abant
688 1030 702 1052 ,
728 1011 824 1042 non
844 996 1069 1050 dicebant.
1096 1004 1281 1073 Rogare
1302 1019 1429 1066 enim

150 1047 452 1111 sententiam,
504 1058 767 1118 uperiorum
801 1078 897 1112 erat
917 1104 931 1126 ,
965 1069 1122 1133 quales
1154 1089 1282 1133 erant
1319 1098 1427 1130 ma-

151 1115 359 1181 gistratus
382 1135 392 1163 :
415 1117 564 1167 dicere
583 1159 595 1180 ‚
627 1122 909 1177 inferiorum.
946 1132 1038 1182 Sed
1066 1141 1111 1183 &
1135 1138 1216 1203 ipsi
1254 1147 1426 1212 magis-

152 1196 290 1229 tratus
310 1180 547 1233 inferiores
577 1204 706 1238 erant
723 1229 734 1251 ‚
770 1191 982 1262 Principe
1007 1197 1156 1250 causas
1185 1206 1424 1264 referente.

218 1246 491 1299 Proenomen
516 1268 725 1306 mutaret.
749 1257 877 1308 Idem
902 1267 1026 1314 enim
1047 1267 1126 1315 filii
1139 1308 1152 1330 ,
1181 1289 1235 1320 ac
1252 1282 1422 1343 patris,

147 1328 434 1377 praenomen.
476 1315 636 1369 Postea
665 1321 724 1372 L.
751 1324 851 1390 Piso
876 1328 1019 1380 dicius
1048 1336 1111 1382 est
1127 1353 1143 1398 5
1179 1354 1226 1386 ut
1248 1342 1422 1396 videtur

146 1396 204 1427 ex
226 1379 385 1428 Dione
414 1381 532 1430 LIX
549 1423 563 1444 ,
588 1402 699 1453 pag.
726 1397 835 1448 656.
1177 1424 1181 1427 ’

215 1443 537 1513 Quinquagies
565 1451 784 1518 sestertio.
833 1458 1027 1513 Gallicae
1059 1483 1257 1522 monetae
1291 1474 1417 1531 libris

145 1515 375 1572 97²¹›846‘

211 1608 338 1658 CAP.
362 1610 546 1662 XVIII.
584 1614 658 1666 M.
684 1619 893 1673 Antonii.
932 1625 1201 1683 Triumviri.

211 1674 313 1734 Juli
347 1677 556 1728 Antonii.
579 1681 710 1734 Julus
730 1686 961 1740 Antonius
983 1732 995 1753 ,
1029 1699 1247 1750 triumviri
1269 1703 1417 1770 filius,

142 1739 207 1788 ob
246 1741 516 1794 adulterium
553 1747 582 1801 J
588 1750 686 1798 uliae
727 1771 874 1806 morte
908 1763 1109 1824 punitus.
1152 1769 1275 1818 Infra
1305 1773 1415 1823 An-

143 1807 536 1926 naifilxg’lidciitis
563 1880 740 1932 ultoris.
763 1886 839 1935 De
859 1868 948 1957 qua
966 1894 1062 1956 jam
1081 1895 1254 1950 dici-um
1279 1902 1414 1972 supra}

144 1936 320 1988 Annal.
338 1942 414 2003 II,
444 1952 521 2002 64.

207 2037 332 2088 CAP.
360 2040 499 2090 XIX.
553 2045 674 2097 Urbe
715 2053 921 2118 egressics.
981 2058 1187 2126 Drusus,
1227 2067 1408 2122 Urbem

137 2103 357 2170 ingressus
388 2126 578 2175 propter
608 2113 876 2167 Germanici
911 2120 1071 2173 funera
1090 2167 1101 2187 ,
1139 2132 1337 2198 auspicia
1362 2144 1408 2186 <Sc
1440 2198 1444 2199 ⁷

135 2171 383 2233 imperium
432 2174 713 2240 deposuerat.
783 2185 912 2233 Urbe
953 2193 1147 2255 egressus
1179 2236 1190 2257 ‚
1242 2205 1407 2266 repetit

135 2235 337 2300 auspicia
387 2245 432 2286 δε
475 2244 751 2309 imperium,
792 2268 840 2300 ut
885 2265 1025 2303 ovans
1066 2260 1127 2308 ob
1172 2281 1406 2333 receptum

134 2299 476 2354 Maroboduum
514 2311 724 2362 introeat.
765 2316 900 2366 Unus
929 2320 1159 2390 Augustus
1190 2349 1405 2395 procon-

128 2365 325 2417 sularem
357 2372 625 2438 dignitatem
660 2383 721 2429 ita
764 2384 993 2448 obtinuit,
1035 2409 1082 2440 ut
1106 2394 1235 2445 illam
1264 2404 1401 2453 etiam

131 2434 251 2482 intra
285 2435 465 2485 Urbem
495 2439 700 2494 servaret.
740 2447 893 2500 Ceteri
926 2472 1083 2506 omnes
1104 2498 1116 2519 ,
1152 2479 1399 2533 antequam

133 2503 414 2563 pomoerium
437 2504 587 2555 (Urbis
617 2513 836 2564 intrarent
852 2556 863 2575 ,
887 2520 1130 2585 imperium
1150 2534 1194 2575 δε
1214 2532 1398 2597 imperii

130 2565 327 2627 infignia
367 2568 673 2634 deponebant.
711 2580 809 2632 Dio
840 2582 1098 2653 XXXIX,
1129 2610 1241 2661 pag.
1272 2616 1394 2666 1205

133 2627 278 2695 LIII,
306 2649 421 2701 pag.
447 2653 558 2706 519.
1085 2721 1136 2789 Q
1189 2724 1199 2734 ἡ

1164 2742 1196 2792 ¹1
